2760 4710
63 359 73 375 .
152 324 219 391 538
428 319 469 384 P.
499 314 682 387 OVIDII
707 315 940 385 NASONIS

152 465 238 560 Quor
254 459 355 548 vidit,
373 457 508 555 tetigit:
524 485 585 532 noc
600 457 669 557 jam
686 484 745 532 sua
762 455 889 532 lumina
907 456 1082 531 damnans

150 577 304 664 Restitit,
324 592 363 649 ut
379 575 488 648 victor
504 573 634 648 domito
650 575 820 649 remeabat
837 573 880 650 ab
896 574 1012 648 hoste.

151 695 206 770 Ad
221 693 406 795 caelumque
421 691 555 780 oculos,
575 711 609 766 et
626 693 743 768 eodem
760 693 898 768 brachia
914 691 1066 781 tollens,
1196 713 1242 787 570

154 843 173 876 u
191 808 388 910 Quidquid,
405 808 468 897 ait,
486 807 625 911 Superi,
645 825 797 883 monstro
815 808 1040 910 portenditur
1056 807 1150 897 isto,

153 960 173 994 1>
194 928 261 1002 Seu
277 926 390 1002 latum
406 946 471 1014 est,
489 927 604 1028 patrie
620 925 755 1014 laetum,
772 925 970 1029 populoque
990 927 1164 1025 Quirini:

154 1076 174 1111 o
195 1044 271 1117 Sive
287 1043 417 1131 minax,
434 1042 516 1117 mibi
533 1042 599 1117 sit:
617 1077 635 1108 o
655 1043 819 1145 viridique
835 1075 853 1119 e
871 1043 1002 1148 cespite
1018 1044 1132 1119 factas

153 1161 266 1238 Placat
285 1162 434 1237 odoratis
449 1161 612 1236 herbosas
627 1161 763 1258 ignibus
780 1188 871 1250 ams3

153 1279 307 1380 Vinaque
326 1278 383 1351 dat
397 1279 540 1379 pateris,
557 1295 839 1379 mactatarumque
854 1276 1043 1353 bidentum
1193 1297 1240 1368 555

154 1394 248 1493 Quid
266 1394 333 1468 sibi
350 1393 539 1490 significent
549 1451 564 1482 ,
578 1394 778 1497 trepidantia
794 1391 939 1469 consulit
955 1410 1050 1468 exta.

154 1511 240 1606 Quae
257 1507 356 1584 simul
373 1510 518 1612 inspexit
533 1511 712 1613 Tyrrheno
729 1509 835 1606 gentis
852 1507 1049 1609 haruspex,

153 1628 280 1724 Magna
296 1624 430 1728 quidem
445 1656 556 1701 rerum
573 1624 743 1701 molimina
759 1625 843 1699 vidit
859 1626 896 1698 in
912 1622 1003 1713 illis,

153 1743 232 1816 Non
248 1742 418 1817 manifesta
436 1757 545 1816 tamen
561 1771 569 1816 :
585 1770 688 1843 quum
705 1772 783 1817 vero
799 1738 934 1816 sustulit
951 1767 1032 1816 acre

153 1859 370 1960 Apecudum
383 1859 477 1934 libris
496 1860 537 1934 ad
556 1861 633 1962 Cipi
651 1858 919 1948 comualumeu;
1189 1881 1238 1938 teo

157 2009 176 2042 α
197 1979 289 2065 Rex,
308 1978 372 2066 ait,
391 2007 411 2051 o
428 1975 515 2052 salve
530 2007 539 2051 r
555 1978 618 2053 tibi
635 1979 744 2067 euim,
762 1979 848 2065 tibi,
867 1977 971 2080 Cipe,
992 1978 1135 2080 tuisque

158 2123 176 2155 ³·
197 2090 263 2163 Hic
280 2089 393 2180 locus,
410 2109 443 2165 et
460 2093 563 2168 Latia,
580 2091 746 2194 parebunt
762 2092 921 2165 cornibus
935 2118 1043 2166 ames.

158 2241 176 2274 >v
196 2209 250 2282 Tu
268 2209 370 2283 modo
385 2238 503 2312 rumpe
523 2237 670 2298 moiam,
685 2225 867 2310 portasque
882 2207 1010 2283 intrare
1025 2226 1188 2310 patentes

158 2358 177 2391 i
196 2324 393 2427 Adpropcra
407 2357 416 2401 ε
432 2328 479 2401 sic
496 2326 562 2401 lata
576 2326 694 2425 jubent
710 2353 874 2426 :namque
891 2325 987 2400 Urbe
1005 2344 1168 2431 receptus

158 2474 177 2507 v
199 2443 276 2517 Reii
291 2442 376 2529 eris,
394 2460 426 2515 et
443 2461 576 2545 sceptro
596 2460 689 2517 tutus
707 2443 835 2543 potiere
852 2441 1004 2544 perenni.
1022 2476 1044 2508 »
1189 2463 1236 2518 ⁵0⁵

190 2608 667 2683 569.Remeabatabhosle.val.Mari·
719 2611 905 2675 Trepidantem
924 2607 1022 2662 confer
1047 2627 1155 2662 versum
1182 2608 1236 2662 136.

156 2704 215 2740 mus
227 2696 334 2753 narrat,
350 2706 448 2740 cornua
461 2686 502 2754 ei,
520 2704 601 2755 quum
618 2685 666 2738 ad·
747 2689 801 2756 577.
812 2687 1123 2754 Inspicereetr'pspr'ci'un
1129 2687 1236 2757 propria

154 2783 245 2818 versus
256 2764 358 2818 bostem
371 2764 594 2834 proficisceretur,
609 2781 665 2815 esso
714 2761 746 2816 de
754 2762 950 2831 haruspicibus,
969 2763 1030 2816 vide
1048 2765 1236 2819 Heinsiurn-

154 2853 224 2896 nata.
238 2846 269 2897 lii
282 2844 350 2898 bello
357 2865 425 2916 saepe
437 2845 532 2916 digitos
543 2844 575 2899 ad
587 2845 664 2898 iron-
717 2842 847 2912 Tyrrhena
855 2847 937 2908 gentis
946 2844 1091 2909 haruspex.
1101 2844 1195 2913 Quum
1204 2865 1235 2897 er

154 2928 209 2970 tem
217 2921 358 2984 retulerat;
371 2942 443 2977 nunc
449 2941 513 2976 vero
522 2922 626 2975 rediens
633 2921 665 2974 ab
714 2919 829 2973 Etruscis
837 2918 888 2973 boc
896 2919 1072 2975 divinationis
1082 2923 1235 2992 perviscera

154 2995 229 3048 boste
241 2998 307 3050 scire
320 2998 418 3065 voluit,
433 3000 497 3068 quid
509 3000 551 3053 illa
563 2999 666 3069 signifi·
713 2998 889 3054 animantium
903 3004 986 3069 genus
1000 3000 1123 3055 Romani
1136 3002 1235 3056 didice-

153 3083 260 3136 carent3
274 3074 363 3143 itaque
374 3077 471 3131 restitit
481 3088 531 3132 eto
712 3090 788 3147 rant,
798 3092 868 3133 recte
878 3079 991 3133 Ovidius
999 3080 1180 3153 Tyrrhenum
1187 3101 1235 3135 vo·

187 3157 244 3221 570.
253 3153 369 3206 Brachia
377 3158 478 3208 tollens.
488 3157 599 3210 Plurimi
608 3158 665 3211 ine·
712 3169 753 3212 cat
765 3177 828 3211 eum
844 3156 942 3228 dequo
961 3158 1006 3212 bic
1025 3160 1125 3229 agitur.
1141 3163 1234 3214 Ed.—

152 3240 198 3299 pte
213 3249 307 3283 cornua
319 3233 418 3283 tolletis.
430 3260 464 3272 -
480 3232 569 3286 Ambo
587 3234 664 3304 Regii
712 3238 807 3290 Reium
817 3240 958 3296 moli'iiii'ira,
974 3239 1178 3293 revolutionem
1192 3241 1233 3294 ci-

153 3309 238 3362 nostri
251 3307 319 3363 banc
329 3308 502 3378 posteriorem
514 3310 613 3365 babent
625 3311 665 3365 le-
711 3311 989 3380 vitatis-Mariisestae,
1004 3317 1235 3369 certantem:

153 3388 287 3455 ctionem,
307 3406 387 3458 quam
406 3388 532 3443 Heinsius
550 3389 592 3444 bic
611 3391 665 3444 iiii·
704 3390 908 3459 sestaoi‘cton'a,
922 3403 996 3446 certo
1010 3405 1161 3462 eventura,
1172 3395 1236 3449 Flo-

153 3477 267 3534 portuno
281 3467 312 3520 ab
324 3479 417 3539 arguto
434 3467 520 3538 aliquo
535 3481 663 3538 nugatore
711 3491 772 3539 rus,
787 3472 813 3527 ll
824 3512 832 3540 ,
845 3488 901 3540 vir,
915 3493 937 3540 7.

151 3544 308 3599 inculcatam
329 3547 387 3599 ait:
407 3546 515 3600 alteram
535 3548 615 3617 igitur
633 3569 664 3603 er
746 3551 802 3602 580.
817 3553 917 3603 Cornua
929 3570 960 3603 ex
975 3552 1162 3622 antiquissima
1177 3551 1239 3607 idea

152 3633 213 3676 octo
223 3623 296 3678 MSS
313 3624 393 3680 dedit.
408 3627 457 3678 Ed.
468 3655 501 3666 -
511 3627 565 3679 Pro
573 3635 664 3695 patrib
712 3629 862 3699 symbolum
884 3631 1010 3698 potentio
1032 3643 1059 3685 et
1082 3635 1239 3701 majestatis·

151 3701 236 3752 Ictum
256 3701 393 3756 Bentleius
414 3703 521 3773 conjicit
544 3705 664 3757 Patri'bus
712 3705 785 3760 Hinc
805 3708 832 3758 in
854 3707 972 3760 nummis
992 3709 1074 3762 multi
1097 3728 1176 3780 reges
1194 3709 1240 3762 illa

152 3778 243 3830 lulum.
710 3783 759 3838 sibi
773 3784 940 3848 tribueruut;
957 3785 1019 3841 vide
1037 3787 1239 3857 Spanbemiurn

182 3855 241 3937 374.
253 3858 361 3910 placari
368 3857 566 3924 dicunturarae,
579 3877 664 3928 quum
711 3859 745 3913 de
765 3861 824 3915 Usu
843 3872 870 3915 et
888 3874 974 3932 praest.
988 3864 1088 3917 nuruis.
1105 3865 1238 3919 dissertat

151 3919 200 4010 Ῑῇῑ
215 3928 352 3995 placantur
368 3936 446 3990 sacris
465 3937 492 3989 iii
511 3955 554 3989 ara
572 3936 661 4002 iactis3
712 3939 815 3992 VlL-
823 3941 906 3993 Arces
913 3942 996 3994 etiam
1008 3941 1043 3996 de
1053 3941 1156 3997 finibus
1165 3942 1236 4008 dici,

152 3995 665 4081 ''ff-'Burmannusllincplacabr'lisara
711 4014 788 4069 docet
809 4017 985 4075 Burmannus
1010 4021 1045 4075 ad
1064 4021 1214 4094 Virgilium
1226 4058 1238 4086 ‚

152 4072 222 4183 *iud
237 4077 329 4150 Viuit
346 4087 540 4161 missorii,
563 4093 617 4164 7⁵4·
630 4121 663 4136 -
711 4093 808 4165 Geor,
822 4096 868 4166 ii,
885 4115 938 4166 ψ.
