2708 5094
602 736 1199 770 mmmmm

278 884 366 1032 Ῥ.
411 927 667 1033 ovum
702 928 1025 1041 ursonis

187 1175 1145 1322 METAIIORPHOSEON

254 1458 442 1544 LIBER
480 1459 767 1547 DECIMUS
804 1465 1087 1555 TERTIUS.

550 1691 788 1718 -ὒ-

178 2004 220 2066 Ν.
238 2004 279 2066 Β.
297 2004 507 2088 Argumentum
521 2006 606 2090 hujus
624 2008 703 2070 Libri
718 2011 819 2073 decimi
837 2012 914 2074 tertii
934 2015 1204 2100 metamorphoseon

142 2118 260 2181 relatum
276 2119 403 2181 invenies
421 2120 450 2180 in
466 2122 539 2182 serie
553 2121 713 2201 Ceterum,
733 2137 803 2187 tom.
820 2127 886 2204 Ill,
903 2149 967 2212 pag.
981 2128 1031 2202 41.

143 2424 226 2498 ΓΔΒ.
244 2425 269 2495 l.
294 2390 523 2496 CONSEDERE
541 2423 660 2511 duces,
679 2441 732 2512 et,
750 2423 841 2520 vulgi
858 2443 965 2500 stante
981 2457 1124 2520 corona,

144 2535 260 2632 Surgit
274 2536 316 2609 ad
330 2535 393 2611 bos
407 2535 513 2637 clypei
529 2537 683 2612 dominus
701 2536 922 2640 septemplicis
941 2540 1034 2638 Ajax.

179 2706 543 2778 1-390Armorumjude'cr‘um.
555 2707 648 2761 Nobile
697 2717 779 2769 esset;
799 2705 915 2771 Plinius,
932 2709 1050 2775 XXXV,
1068 2730 1105 2763 ιο.
1120 2713 1203 2771 Sede

143 2783 208 2839 illud
219 2794 340 2838 cedma
357 2804 480 2838 armorum
497 2784 567 2838 inter
579 2786 649 2854 Aja—
697 2785 781 2855 poetis
794 2794 890 2853 preter
902 2783 1029 2838 Ovidium
1045 2806 1113 2841 unus
1124 2804 1205 2847 restat

141 2880 202 2916 cem
213 2860 397 2915 Telamonium
411 2873 438 2914 et
451 2862 586 2934 Ulyssem,
599 2881 650 2915 cu·
700 2861 817 2931 Quintus
831 2859 961 2928 Calaber,
976 2863 1021 2930 qui
1036 2864 1147 2935 Paralip.
1160 2870 1204 2924 lib.

140 2941 183 3009 jus
195 2939 315 3006 occasio,
331 2940 373 2993 lib.
385 2941 438 2993 XII
451 2951 515 2993 extr.
528 2952 647 3007 narrata,
698 2939 738 3005 V,
752 2958 787 2992 vs.
805 2938 934 3002 rto-316,
948 2938 976 2990 in
989 2938 1038 2993 hoc
1048 2955 1205 3009 argumento

141 3020 216 3088 cujus
231 3019 360 3072 memoria
372 3019 417 3072 diu
433 3020 502 3072 inter
512 3019 649 3072 AEolenses
698 3017 833 3086 ingenium
851 3018 988 3084 exercuit,
1011 3038 1091 3087 quem
1114 3033 1204 3078 tamen

143 3098 254 3163 mansit,
271 3099 406 3165 (Pansam
422 3097 498 3149 Attio.
511 3116 534 3166 p.
550 3093 606 3164 86)
623 3106 651 3149 et
698 3095 845 3164 longissime
866 3106 923 3163 post
940 3115 967 3148 se
990 3096 1115 3165 relinquit
1131 3099 1205 3154 Ovi-

143 3175 214 3246 quod
226 3195 241 3228 a
253 3174 342 3228 multis
353 3175 500 3227 auctoribus
512 3185 564 3226 tam
577 3192 650 3243 grte-
698 3172 763 3226 dius
775 3172 997 3227 Praestantissima
1008 3174 1080 3227 enim
1090 3188 1153 3230 sunt
1165 3179 1205 3234 hae

143 3255 197 3320 cis,
219 3272 299 3323 qoam
319 3253 425 3317 latinis,
446 3263 584 3304 tractatum
603 3261 650 3305 est.
697 3252 829 3305 orationes
842 3263 869 3305 et
881 3262 988 3304 moratae
999 3252 1126 3321 inprimis.
1141 3258 1207 3327 Ajax

144 3332 333 3386 Tractaverant
345 3330 416 3383 enim
429 3328 478 3398 (ut
487 3331 598 3382 Homer.
609 3342 658 3389 ta·,
698 3329 764 3383 iram
771 3348 844 3382 suam
852 3330 878 3380 in
886 3329 1007 3400 Ulyssem
1015 3333 1123 3402 evomit,
1131 3336 1206 3410 Ulys-

143 3409 652 3479 ceam‚qui0d.A,542sqq,ejusmen·
699 3426 739 3460 ses
755 3418 847 3460 contra
863 3406 953 3484 callide
970 3418 997 3461 et
1013 3407 1124 3466 facunde
1145 3435 1208 3469 cou-

144 3490 246 3543 tionem
259 3488 342 3552 lacit)
358 3487 481 3540 Arctinus
499 3489 526 3540 in
540 3487 652 3540 AEthim-
699 3502 754 3536 sam
765 3503 839 3536 suam
852 3483 911 3551 agit.
928 3484 1048 3554 Uterque
1063 3491 1145 3544 utitur
1157 3494 1207 3562 iis,

143 3568 205 3639 pide
217 3578 294 3636 atque
303 3566 413 3620 Lescbes
425 3567 451 3617 in
462 3567 578 3618 carmine
591 3560 653 3626 lisele
700 3580 758 3630 que
774 3562 978 3631 periclitantibus
992 3566 1083 3620 suadet
1097 3570 1210 3637 Quinti-

143 3650 232 3724 papis,
248 3655 296 3698 etr.
313 3642 450 3713 AEscbylus
464 3635 545 3699 ὁκλωυ
561 3652 650 3718 epiro,
700 3640 799 3707 lianus,
816 3642 879 3694 Inst.
890 3641 947 3707 VI,
964 3663 973 3694 ι
992 3663 999 3696 :
1016 3666 1029 3690 α
1047 3646 1207 3702 Periclitan-

144 3724 280 3776 docuerat.
292 3721 401 3774 Exstant
413 3721 497 3773 adbuc
509 3720 652 3773 Antisthe-
702 3739 715 3764 u
729 3728 782 3771 torn
794 3737 857 3772 vero
864 3720 1032 3774 commendat
1042 3722 1168 3792 dignitas,
1181 3739 1209 3780 et

144 3801 186 3856 nis
198 3801 400 3855 declamationes
416 3799 485 3865 duae,
497 3800 576 3851 altera
587 3800 653 3866 Aja—
702 3796 815 3850 »studia
834 3797 932 3864 sortia,
954 3809 981 3850 et
999 3805 1123 3870 suscepta
1141 3805 1208 3858 bello

143 3879 192 3946 ds,
207 3879 307 3950 Ulyssis
320 3879 400 3931 altera
412 3897 418 3929 τ
430 3877 487 3929 ride
501 3876 651 3940 Ileislrium,
702 3896 716 3922 a
730 3877 878 3941 cicatrices,
896 3888 922 3929 et
935 3878 1055 3931 nobilitas
1072 3891 1099 3932 et
1115 3883 1209 3936 merita

144 3959 234 4013 Oratt.
251 3977 324 4028 graec.
343 3969 406 4010 tom.
419 3959 443 4005 V
447 3957 495 4010 lll.
515 3956 538 4009 E
556 3956 653 4008 Latinis
703 3973 716 3997 »v
731 3954 870 4020 majorum.
884 3974 898 3999 u
909 3953 1018 4022 Singula
1029 3955 1096 4007 bene
1109 3967 1136 4008 et
1149 3959 1209 4010 rol-

145 4035 401 4089 Pacuviusetrlttius
410 4033 651 4100 fabulasdederant‚
702 4030 766 4084 lecta
778 4044 857 4098 sunt,
872 4043 898 4085 et
914 4033 1075 4100 amplificata.
1092 4036 1207 4105 Noster,

146 4113 241 4182 quibus
252 4132 351 4165 nornen
364 4113 426 4178 luit,
439 4113 571 4164 Armorum
576 4111 652 4178 judi·
702 4121 829 4164 monente
845 4111 945 4164 Seneca
959 4147 968 4172 ,
986 4110 1079 4165 Contr.
1096 4114 1143 4180 11,
1162 4136 1208 4185 ro,

145 4197 221 4244 cium.
235 4191 391 4244 Timanthes
403 4191 481 4244 etiarn
495 4206 522 4242 et
535 4189 654 4242 Parrba—
703 4187 784 4239 multa
795 4189 887 4241 sumsit
898 4207 912 4239 a
923 4188 963 4241 Μ.
975 4189 1068 4242 Porcio
1079 4190 1208 4262 Latrone,

146 4269 200 4320 sius
209 4269 320 4338 pictores
333 4279 495 4321 certaverant
508 4269 535 4319 in
548 4267 596 4318 hoc
607 4268 654 4334 ju·
703 4280 860 4337 preceptore
873 4287 939 4334 suo,
956 4271 1039 4339 quiet
1053 4271 1105 4341 ipse
1121 4294 1211 4330 armo-

146 4348 216 4401 dicio
238 4348 429 4417 exprimendo,
453 4357 479 4398 et
503 4346 655 4399 Parrhasius
703 4365 764 4399 rum
778 4345 905 4414 judicium
921 4350 1079 4419 scripserat;
1099 4355 1158 4411 vide
1176 4359 1209 4412 ad

146 4426 236 4479 herois
244 4428 352 4479 nomine
362 4426 469 4477 moleste
477 4445 503 4477 se
512 4423 579 4476 serre
589 4424 656 4476 dice·
703 4447 769 4482 vers.
783 4447 837 4481 rar.

146 4507 207 4572 bat,
221 4505 292 4575 quod
305 4507 401 4559 iterum
412 4506 442 4557 ab
455 4503 563 4573 indigno
574 4503 655 4555 victus
738 4506 902 4561 rssoosedm
910 4509 1206 4581 deceselsargr'tadllos,
