2760 4710
255 374 773 444 METAMORPHOSEON
798 377 894 446 LIB.
917 380 1032 447 Vlll.

1140 409 1183 472 ²9

119 514 315 616 Tyndaridae
334 513 475 610 gemini,
494 532 660 614 spectatus
678 517 831 590 caestibus
847 515 946 608 alter,

121 632 218 706 Alter
233 660 337 731 equo;
355 633 534 732 primaeque
551 631 630 704 ratis
646 629 781 703 molitor
796 633 913 721 lason;

122 750 170 820 Et
188 774 262 818 cum
279 745 450 832 Pirithoo,
467 743 545 818 felix
562 745 757 834 concordia,
774 747 942 834 Theseus3

123 863 170 933 Et
187 859 254 932 duo
269 858 471 944 Thestiadae,
489 856 668 959 prolesque
684 859 850 959 Aphareia
867 863 1036 962 Lynceus,

124 977 170 1047 Et
186 973 276 1047 uelox
292 974 386 1061 ldae,
405 974 518 1071 etjam
535 1004 604 1048 uon
624 974 745 1049 femina
763 976 918 1061 Caeneus,

1133 1003 1181 1056 305

124 1093 378 1193 Leucippusque
394 1091 504 1178 seror,
521 1090 696 1192 jaculoque
713 1092 853 1187 insignis
870 1093 1030 1180 Acastus,

123 1207 400 1308 Hippotoosque,
418 1208 608 1309 Dryasque,
625 1225 659 1281 et
676 1225 784 1281 cretus
800 1209 983 1309 Amyntore
999 1210 1157 1301 Phoeuix,

120 1323 354 1425 Actoridaeque
372 1353 486 1424 pares,
505 1341 538 1397 et
554 1324 676 1397 missus
693 1324 734 1396 ah
752 1323 846 1397 Elide
864 1323 1028 1424 Phyleus:

120 1448 188 1521 Nec
205 1448 367 1523 Telamon
384 1449 514 1536 aberat,
533 1450 681 1544 magnive
700 1468 827 1523 creator
843 1451 1003 1541 Achillis;

124 1566 275 1665 Cumque
291 1564 501 1649 Pheretiade,
520 1582 553 1637 et
570 1567 722 1665 Hyanteo
741 1564 856 1654 lolao,

124 1794 155 1837 ut
165 1781 364 1851 intelligendum
378 1802 391 1836 e
407 1783 552 1848 Pausania,
566 1784 626 1835 Ar-

126 1862 182 1914 cad.
193 1881 217 1930 p.
229 1860 286 1914 606.
299 1862 487 1930 Antiquissimis
499 1860 546 1913 illis
558 1872 626 1913 tem·

126 1938 231 2008 poribus
239 1979 247 2004 ,
264 1938 355 2007 quibus
362 1937 489 1992 fortitudo
497 1957 548 1989 una
560 1949 626 1991 esset

124 2016 221 2080 virtus,
234 2033 285 2083 qua
297 2014 420 2068 excellere
428 2014 498 2081 laudi
510 2015 626 2068 ducere·

123 2103 180 2159 tur,
194 2093 238 2146 tali
249 2093 383 2146 occasione
395 2092 529 2146 conlluere
541 2092 625 2150 undi-

123 2190 173 2241 que
185 2171 318 2238 solebant,
336 2172 381 2240 qui
392 2171 551 2224 fortitudinis
564 2171 625 2241 glo-

122 2250 190 2301 riam
213 2259 371 2318 appeterent.
391 2250 505 2302 Nomina
530 2249 625 2301 horum

122 2328 362 2394 lectmnsiwesum
372 2326 469 2379 habent
481 2327 560 2380 etiam
571 2326 626 2398 Hy·

122 2403 215 2472 ginus,
236 2403 285 2455 lab.
308 2404 369 2472 173,
385 2412 411 2454 et
429 2401 624 2471 Apollodorus,

122 2499 274 2550 quanquam
282 2480 322 2533 hic
330 2481 403 2549 plura
411 2480 569 2545 omittit,ille
577 2480 626 2533 alia

122 2557 250 2610 nonnulla
267 2558 406 2610 substituit.
425 2557 558 2626 Principes
575 2577 626 2610 eo·-

123 2657 180 2690 rum
192 2639 378 2707 spectabantur
392 2635 487 2706 depicti
499 2637 526 2689 in
541 2637 626 2689 tabula

122 2717 190 2788 apud
203 2717 350 2786 Tegeatas:
365 2716 517 2781 Pausanias,
532 2716 625 2769 Arcad.

123 2815 146 2863 p.
154 2796 211 2868 693.
223 2794 301 2863 Apud
311 2793 463 2862 Euripidem
472 2794 579 2847 nuntius
587 2795 625 2846 in-

123 2873 266 2927 ducebatur
278 2873 441 2937 describcns,
454 2892 506 2942 quo
518 2873 626 2941 quisque

123 2954 212 3007 babitu
226 2974 257 3007 ex
269 2955 322 3007 istis
336 2953 444 3006 ducibus
454 2953 532 3005 luerit
545 2973 551 3005 :
566 2953 627 3005 Ma-

126 3031 193 3084 trob.
201 3030 347 3096 Sarumv,
358 3033 399 3095 18,
409 3031 451 3081 ubi
461 3048 628 3098 versusquos·

128 3108 187 3161 dam
195 3131 226 3162 ex
235 3111 276 3163 illa
284 3129 361 3163 scena
371 3109 488 3161 servarit.
495 3136 528 3148 -
537 3110 627 3162 Colere.

131 3187 205 3256 Regii
216 3191 309 3255 nostri,
322 3192 426 3240 caluere.

163 3267 219 3319 3οι.
236 3271 258 3319 T
253 3271 379 3337 yudan'dae
388 3271 484 3333 gemini.
496 3263 590 3318 Castor
602 3274 629 3317 et

129 3346 244 3411 Pollux,
263 3348 359 3415 gemelli
378 3346 496 3419 Tyndari
515 3345 577 3411 salii,
599 3366 629 3398 ac

129 3423 208 3477 Ledae
228 3425 326 3493 putati,
342 3445 424 3496 quum
437 3434 522 3478 essent
534 3424 607 3475 Jovis
620 3463 627 3488 ,

127 3521 242 3571 quornm
254 3505 320 3554 alter
326 3508 438 3557 cestibus
450 3542 458 3568 ,
479 3501 569 3554 Pollux
581 3500 630 3552 luit

50 3621 56 3631 .
127 3581 195 3650 pugil
203 3581 325 3652 inclytus,
335 3589 375 3649 πὺξ
382 3585 475 3648 epatis,
485 3585 627 3648 alterequo,

124 3659 222 3715 Castor
233 3680 362 3729 equorum
375 3661 490 3713 domitor
503 3699 510 3724 ,
530 3665 628 3714 texite·

127 3767 169 3810 μος
181 3761 187 3793 :
199 3741 256 3794 vide
269 3739 435 3804 Homerum,
450 3739 522 3793 lliad.
534 3749 562 3803 r,
575 3741 630 3805 237.

126 3818 255 3882 Spectatus
267 3820 383 3870 cestibus
390 3821 460 3871 alter.
469 3815 544 3867 Alter
552 3831 630 3880 equo,

125 3894 227 3961 Regius
238 3907 325 3948 noster
337 3897 378 3958 A,
387 3902 549 3961 prestantes,
568 3910 632 3943 caes-

124 3977 191 4026 tibus
198 3976 276 4033 alter,
286 3978 352 4026 alter
358 3993 419 4040 equo
430 3989 437 4034 ,·
450 3973 471 4025 B
481 3969 551 4023 idem
561 3967 631 4036 quod

1134 1590 1183 1642 310

673 1811 707 1823 -
721 1783 762 1835 De
772 1790 855 1850 prs'nsa
867 1784 971 1838 Jasonis
981 1793 1050 1847 rate,
1069 1783 1129 1838 vide
1149 1785 1181 1838 ad

674 1861 714 1914 Vl
727 1860 783 1912 libri
795 1859 884 1914 finem
892 1888 925 1900 —
933 1861 1041 1924 tutum,
1056 1872 1181 1916 suasor-et

673 1948 778 2002 auctor,
795 1939 848 1991 sive
867 1939 1013 1992 fabricator.

705 2017 762 2068 303.
778 2019 803 2068 T
799 2020 935 2070 descitum
944 2020 1068 2078 Perithoo,
1084 2018 1180 2071 Ixionis

673 2093 743 2160 silio,
758 2093 896 2160 Larisaeo,
906 2095 1019 2147 amicitia
1029 2096 1156 2149 celebrata
1166 2116 1180 2147 a

672 2170 775 2222 multis:
785 2171 924 2236 Horatius,
937 2170 986 2235 lV,
998 2171 1051 2224 0d.
1064 2188 1120 2235 vit,
1130 2177 1178 2234 253

663 2249 785 2313 Noster,
798 2248 877 2300 Trist.
891 2249 919 2313 l,
933 2251 963 2312 ὃς
975 2259 1002 2302 ct
1014 2250 1096 2314 iufra,
1110 2250 1179 2313 xtl,

675 2348 739 2399 aaq;
754 2326 893 2396 Hyginus,
905 2326 955 2377 sab.
969 2347 1007 2398 79.
1023 2355 1057 2365 —
1068 2329 1179 2380 Concor-

673 2409 740 2470 dt'a,·
761 2407 871 2458 virtutes
891 2424 938 2472 pro
956 2406 1015 2473 ipsis
1031 2406 1181 2460 homiuibus

674 2486 736 2556 poni
748 2485 840 2539 solent
854 2484 926 2549 Xll,
943 2485 1002 2552 178,
1016 2485 1112 2536 Nestor
1118 2505 1180 2550 pm·

674 2567 766 2616 deutr'a.
779 2590 813 2603 —
825 2564 885 2614 Duo
902 2562 1055 2617 Thestsbdae,
1077 2562 1180 2629 Plexip-

675 2662 722 2712 pus
739 2652 766 2695 et
783 2642 902 2705 Toxeus,
923 2639 1023 2692 Thestii
1043 2636 1107 2704 filii,
1128 2638 1180 2689 Al-

676 2723 748 2774 thacae
760 2724 858 2774 fratres.
880 2722 903 2773 A
918 2717 1065 2782 Pausania,
1079 2737 1102 2786 p.
1115 2717 1180 2788 693,

675 2808 803 2848 vocantur
821 2795 951 2848 Prothous
969 2803 996 2846 et
1010 2792 1141 2846 Cometes.
1158 2792 1180 2844 A

676 2875 812 2929 Lactantio
822 2876 848 2927 in
858 2883 1014 2944 argumento
1023 2871 1126 2924 additur
1133 2882 1182 2924 ter-

676 2952 726 3003 tius
744 2953 859 3019 Agenor.
876 2951 960 3003 Aliter
972 2969 1060 3002 rursus
1074 2947 1182 3017 Apollu

676 3027 755 3080 dorus
763 3039 789 3080 et
798 3028 933 3099 Hyginus,
942 3028 991 3079 sab.
1003 3027 1113 3094 173,ut›i
1123 3025 1186 3078 vide-

676 3105 848 3158 Munlterum.
866 3133 899 3143 -
920 3107 1035 3175 Lynceus
1055 3115 1081 3156 et
1097 3106 1177 3163 Idas,

677 3183 802 3236 Messenii
813 3222 820 3248 ,
835 3181 948 3250 Apharei
957 3181 1011 3233 lilii.
1026 3181 1180 3243 Pausanias,

677 3262 791 3314 lllessen.
805 3279 828 3327 p.
838 3262 885 3313 283
894 3279 947 3328 sqq.
959 3281 966 3321 ;
982 3259 1102 3327 Apollon.
1113 3257 1182 3310 Rho·

677 3340 750 3404 dius,
766 3340 795 3407 l,
820 3345 882 3406 151,
902 3341 945 3393 ubi
962 3344 1060 3416 deificas
1078 3337 1137 3399 ltus.
1150 3364 1181 3375 ··

679 3422 797 3478 Caseus,
821 3418 887 3471 Elati
906 3418 992 3485 lilius,
1009 3416 1180 3487 magnetius,

678 3516 757 3566 quem
766 3497 797 3549 ab
808 3497 881 3550 initio
889 3498 1014 3550 seminam
1024 3496 1100 3548 luisse
1111 3507 1180 3542 noua
1289 3550 1292 3559 ¹

678 3575 741 3627 nulli
756 3574 890 3640 dicebant,
903 3576 949 3629 secl
965 3594 978 3625 a
992 3574 1116 3639 Neptuno
1128 3567 1182 3616 irn-

678 3663 840 3723 petravcrat,
854 3663 916 3704 utet
929 3653 968 3703 vir
979 3658 1060 3707 esset,
1073 3655 1098 3694 et
1110 3642 1182 3693 nullo

678 3733 731 3786 ictu
743 3731 872 3782 vulnerari
883 3737 975 3797 posset.
990 3725 1059 3791 ttyg.
1068 3720 1117 3771 sab.
1131 3721 1166 3784 ad.

712 3811 769 3861 308.
779 3809 925 3862 Actoridae,
942 3803 1055 3868 Eurytus
1068 3807 1094 3848 et
1107 3795 1182 3850 Ctea-

679 3897 734 3951 tus,
744 3884 846 3937 Actoris
858 3881 917 3942 lilii,
928 3875 1182 3931 Phtlrii.·-Plrcretia·

680 3970 735 4023 des,
751 3961 891 4022 Admetus,
903 3955 1021 4009 Pheretis
1030 3953 1108 4021 filius,
1118 3955 1183 4008 Phc-

126 4051 238 4120 Vulgata
248 4050 336 4113 habet,
345 4060 371 4101 et
379 4059 503 4117 praeterea
511 4065 557 4115 per
566 4046 633 4113 glos·
681 4045 715 4095 ris
728 4037 861 4092 oriundus.
870 4038 1007 4092 -Iolaus,
1022 4045 1099 4086 notus
1112 4033 1184 4085 ller·

125 4145 180 4181 sam
190 4127 397 4197 superscriptum
410 4134 566 4195 prestantes.
583 4120 632 4176 Ed.
686 4119 748 4175 culis
761 4115 891 4170 socius-
903 4115 1045 4185 Ilyasteus,
1063 4111 1185 4164 Boeotius.
