2708 5094
144 829 208 893 358

421 827 461 892 P.
492 825 671 893 OVIDll
694 824 923 893 NASONIS

143 965 194 1038 Sit
208 963 286 1037 licet
300 964 365 1036 hoc
382 963 518 1059 ingens,
538 963 701 1065 quidquid
715 963 857 1065 speravit
871 961 999 1038 Ulixes.

143 1084 209 1155 lste
228 1080 304 1154 tulit
320 1082 461 1181 pretium
475 1080 540 1178 jam
556 1109 645 1153 nunc
661 1080 847 1153 certaminis
862 1078 984 1177 hujus,

145 1197 225 1293 Quo
244 1225 346 1296 quum
361 1197 468 1269 victus
484 1197 563 1283 erit,
581 1225 708 1271 mecum
726 1214 865 1270 certasse
880 1195 1015 1271 seretur.
1173 1230 1204 1269 ss

144 1312 256 1411 Atque.
270 1340 351 1407 ego,
371 1311 400 1384 si
416 1311 520 1384 virtus
539 1312 575 1384 in
589 1341 640 1386 me
659 1312 854 1386 dubitabilis
871 1330 971 1401 esset,

143 1427 326 1501 Nobilitate
344 1445 465 1529 potens
482 1455 605 1516 essem,
621 1425 798 1502 Telamone
814 1444 961 1514 creatus,

145 1546 269 1619 Moeuia
289 1544 345 1647 qui
364 1545 442 1618 sorti
459 1545 602 1645 Trojana
619 1546 681 1620 suh
699 1545 841 1620 Hercule
858 1544 965 1645 cepit,

143 1659 322 1759 Litoraque
340 1659 472 1731 intravit
489 1660 640 1757 Pagasaea
656 1659 779 1733 Colcha
796 1659 912 1734 carina.

145 1775 266 1849 AEacus
282 1774 360 1849 huic
375 1793 468 1877 pater
483 1793 552 1864 est,
570 1776 626 1877 qui
641 1779 712 1875 jura
731 1776 904 1851 silentibus
920 1772 992 1846 illic
1169 1792 1203 1845 25

144 1888 286 1977 Reddit,
305 1890 365 1963 uhi
381 1889 535 1964 AEolideu
550 1917 664 1963 saxum
680 1919 776 1986 grave
792 1888 960 1990 Sisyphon
977 1902 1083 1983 urget.

144 2067 216 2121 larile
229 2070 332 2122 sentiet.
347 2072 403 2121 Non
415 2079 456 2123 est
465 2074 494 2120 ei
502 2074 644 2137 superbum,

145 2166 200 2201 non
210 2147 301 2210 hahet,
313 2167 359 2199 cur
367 2148 497 2216 superbiat
504 2170 510 2205 ;
518 2149 576 2201 vide
585 2150 650 2202 Bur·

145 2243 235 2276 mann.
245 2222 276 2277 ad
287 2224 393 2278 Petron.
406 2243 461 2293 cap.
476 2226 545 2277 ι8.-
553 2228 651 2279 Terruis-

144 2318 185 2359 se.
200 2300 348 2354 obtinuisse.
358 2330 391 2342 -
400 2307 468 2368 Quo.
486 2302 580 2356 scilicet
593 2322 653 2356 rer·

147 2380 253 2432 lamine.
272 2381 386 2434 Antistia.
399 2403 424 2451 p.
439 2385 487 2448 542
502 2386 616 2450 irs'iqssc
629 2387 652 2437 si

147 2462 327 2532 iiloszpiurrae,
341 2458 390 2511 ἄλλ’
398 2467 461 2535 ipe-pp.
470 2460 557 2529 Vulgo
569 2460 615 2529 (et
624 2460 651 2511 in

147 2534 236 2603 Regiis
251 2534 372 2604 nostris)
391 2540 468 2603 (tund
481 2558 554 2606 quum
572 2542 653 2589 oritus

145 2616 205 2669 erit:
219 2612 293 2665 multi
309 2617 462 2682 (iur'puumc
475 2614 520 2669 sed
533 2635 580 2683 pso
592 2614 653 2684 pla-

146 2690 200 2743 cuit
208 2690 331 2755 Heinsio,
342 2692 501 2756 florentini,
512 2694 652 2763 Berneger.

146 2767 279 2822 Boxhorn.
292 2769 411 2823 codicum
426 2771 587 2823 auctoritate.

165 2910 168 2917 Ι
181 2847 271 2899 21-33.
280 2852 362 2915 Atque
368 2867 413 2916 ego
423 2859 471 2901 etc.
484 2847 651 2900 Nobilitatem

147 2928 249 2997 generis
267 2929 345 2997 jactat
364 2940 390 2981 et
411 2929 469 2998 jure
489 2927 652 2981 haereditario

146 3006 254 3072 nititur,
269 3018 409 3073 utrumque
425 3009 451 3058 in
464 3007 652 3060 contumeliam

147 3087 253 3157 Ulyssis.
266 3088 356 3140 Verbo
368 3099 470 3141 tautum
483 3087 537 3141 haec.
549 3089 652 3154 attingit

147 3162 266 3231 Quintus
275 3164 393 3218 Calaber.
403 3166 511 3218 235-36.
522 3166 652 3232 Atpuein-

145 3242 223 3293 servit
232 3242 426 3295 transitionibus
435 3263 441 3304 ;
449 3242 508 3294 vide
517 3242 650 3297 cancie.

145 3344 178 3355 -·
187 3319 321 3371 Nobilitate
333 3330 435 3385 potens.
451 3320 544 3373 nobilis
557 3339 563 3372 τ
576 3321 650 3373 addi-

147 3403 191 3444 tur
202 3393 272 3446 enim
280 3406 371 3460 potens
383 3397 505 3451 omuibus
517 3397 547 3450 iis
557 3397 649 3464 rebus,

145 3487 203 3537 quse
216 3468 301 3523 valent
316 3472 412 3540 aliquid
427 3476 497 3528 inter
512 3474 649 3539 homines,

147 3549 239 3615 quibus
256 3549 368 3603 multum
387 3552 517 3607 efficitur:
534 3554 651 3621 hincpo-

143 3633 199 3677 tens
211 3631 373 3681 auctoritate.
388 3629 495 3695 lavore.
508 3636 589 3698 copiti
601 3639 649 3683 etc.

144 3703 187 3756 De
199 3703 332 3757 nobilitate
346 3705 513 3760 AEacidarum
524 3707 582 3760 vide
595 3708 651 3760 iso-

143 3792 253 3853 cratem,
264 3782 342 3852 Evag.
351 3804 408 3854 pag.
417 3788 474 3850 452,
482 3786 574 3845 Wolf.
584 3785 648 3838 min.

144 3860 245 3914 Εοηιῐη
253 3873 308 3915 acta
316 3862 389 3917 luere
398 3864 566 3933 parsillrrstris
573 3865 649 3918 histo·

142 3940 188 3993 riae
199 3940 313 4010 antiquae
323 3963 330 4002 ;
340 3943 433 3995 Horat.
447 3944 487 3997 lll
498 3983 505 4008 ,
519 3942 573 3996 Od.
586 3958 647 4009 xlx,

142 4017 331 4073 init-Mania
338 4025 393 4088 qui.
404 4061 424 4075 ..
434 4026 513 4088 sepia·
526 4020 584 4073 vide
595 4021 647 4087 Xl,

142 4098 198 4148 213.
209 4126 242 4137 -
253 4102 361 4151 Intravit
372 4102 447 4151 litam
463 4118 527 4168 pro,
543 4099 649 4151 intravit

140 4184 238 4241 portus.
246 4205 280 4216 -
288 4178 411 4242 Pagasaea
422 4183 509 4230 carana
523 4178 608 4242 (male
620 4177 647 4229 in

141 4250 229 4319 Regiis
251 4255 346 4307 nostris
369 4255 463 4324 legitur
486 4257 646 4321 Pegaseo),

138 4326 259 4384 fabricata
270 4334 318 4385 suh
330 4335 443 4403 Pagaso,
465 4334 647 4402 promontorio

139 4415 165 4457 et
177 4407 272 4474 oppido
285 4410 432 4465 Thessaliae.
445 4413 494 4463 Ed.

171 4488 210 4538 25.
223 4488 332 4540 heus.
343 4529 348 4540 .
359 4531 364 4542 .
376 4493 486 4559 qutjm
496 4502 546 4546 etc.
558 4490 647 4545 Pleri-

139 4581 189 4632 que
205 4573 294 4619 tamen
315 4577 415 4622 veteres
438 4589 493 4623 non
512 4570 562 4623 nisi
583 4568 648 4623 duos

698 2068 797 2139 judices
811 2065 951 2120 infernales
965 2074 1130 2135 agnoscunt,
1146 2062 1207 2119 Mi-

700 2166 751 2199 noa
764 2156 790 2198 ct
801 2142 1043 2198 Rhadamanthum.
1053 2142 1151 2196 AEacus
1163 2160 1207 2211 pe·

701 2225 750 2275 tius
757 2221 876 2275 Plutonis
882 2220 1145 2291 claviger-lecelinum
1151 2217 1206 2271 vide

702 2299 852 2353 Fiscberad
861 2298 1015 2352 AEsrhiuem
1024 2296 1159 2350 Arinthe.
1167 2313 1207 2368 ¹9²
1218 2358 1221 2363 Ι

699 2378 743 2435 sed
755 2397 809 2431 non
820 2379 918 2431 mirum
927 2417 934 2444 ,
944 2378 965 2430 si
975 2377 1045 2445 Aiax
1056 2376 1170 2447 glorians
1177 2374 1206 2427 il·

701 2455 745 2508 lud
766 2457 864 2510 maluit.
893 2456 960 2509 Vide
977 2455 1092 2510 omnino
1111 2452 1205 2527 ileyuii

702 2536 763 2589 Ere.
772 2537 811 2590 xl
821 2536 852 2588 ad
864 2537 936 2606 Virg.
944 2536 1054 2589 AEneid.
1062 2534 1206 2589 VL-tlsrs

699 2617 831 2665 silentibus
842 2617 898 2667 illic
908 2617 1022 2675 Reddit,
1040 2612 1118 2666 multi
1131 2614 1206 2663 siles-

700 2694 766 2742 ttlus
776 2695 885 2745 umbras:
895 2691 941 2744 sed
950 2691 1125 2744 Burmannus
1132 2689 1206 2743 docet

700 2773 802 2822 silentes
818 2770 932 2823 absolute
947 2768 1088 2822 interdum
1101 2766 1150 2822 did
1165 2767 1203 2821 si-

700 2846 783 2899 lentes
794 2848 898 2899 umhraa
911 2854 920 2913 (
933 2847 1008 2915 Regii
1018 2846 1120 2899 codices
1127 2848 1203 2897 siles·

699 2929 766 2978 lalus
776 2926 866 2990 cllic);
882 2935 908 2977 et
924 2943 988 2993 pro,
1006 2923 1079 2992 apud
1096 2922 1200 2988 inlesos,

699 3004 759 3055 satis
772 3004 862 3055 acerbe
872 3042 879 3068 ,
891 3007 962 3061 1'lls'c.
976 3003 1150 3073 ubiSisyplee
1159 3020 1203 3053 se-

699 3099 759 3132 sum
763 3100 839 3147 graec
844 3089 920 3146 urget.
927 3077 1058 3149 Sisyphus
1064 3076 1203 3132 enimiatro

700 3159 864 3223 Anticleam,
876 3158 976 3231 Ulyssis
985 3168 1116 3222 matrem,
1126 3174 1203 3226 quum

700 3238 731 3290 ad
744 3237 864 3289 Laertem
876 3236 1029 3299 duceretur,
1041 3234 1201 3304 compressit,

699 3333 730 3367 ex
738 3311 1052 3385 quocoucubituUlysses
1063 3323 1152 3366 uatus:
1160 3310 1203 3363 dn·

698 3393 756 3463 plex
773 3394 852 3463 igitur
868 3394 935 3445 inest
950 3394 1110 3447 convicium.
1129 3390 1201 3463 Apud

699 3472 870 3541 Euripidem,
886 3470 942 3540 lph.
954 3470 1090 3538 butant,
1102 3470 1203 3541 Utysses

698 3551 793 3604 dicitur
804 3557 919 3623 larisam
931 3555 1036 3628 seipas«,
1052 3550 1124 3621 quod
1134 3550 1204 3606 {lusit

698 3629 803 3684 sortasse
817 3630 894 3694 inde,
907 3631 967 3699 quia
979 3630 1091 3703 Ulysses
1100 3629 1203 3697 ingenio

697 3709 805 3763 similior
823 3708 955 3779 Sisypho,
972 3727 1054 3777 quam
1070 3708 1203 3761 hecti.-

701 3792 790 3858 Urget.
805 3789 915 3859 premit,
927 3788 1054 3856 degravat
1065 3810 1073 3851 ς
1086 3807 1149 3841 nam
1158 3806 1203 3841 se·

697 3869 813 3923 cundum
824 3868 1010 3937 Propertium,
1025 3868 1070 3935 ll,
1083 3866 1201 3931 xs'1,3o,

697 3961 723 4003 et
736 3950 811 4013 alios,
824 3947 950 4020 Sisyphus
961 3966 1053 4001 sarum
1064 3945 1203 4000 cervicibus

695 4028 847 4096 impositum
858 4025 927 4095 apud
940 4024 1038 4079 inferos
1050 4034 1141 4095 gestat.
1153 4022 1203 4078 Sed

697 4123 778 4173 quum
794 4103 857 4156 illud
873 4105 951 4156 etiam
967 4104 1073 4156 volvere
1087 4103 1201 4165 dicatur,

696 4202 769 4250 seque
782 4182 849 4234 hene
864 4202 889 4233 sc
907 4181 985 4233 hahet
1003 4180 1119 4253 duorum
1132 4178 1200 4233 MSS

695 4259 779 4313 Stroz.
788 4270 813 4311 et
823 4259 929 4312 Barher.
937 4257 1024 4322 lectio,
1032 4261 1201 4322 :falsilessffi

696 4337 815 4406 Sisyphus
828 4344 909 4401 erret,
926 4344 954 4386 ut
967 4333 1023 4399 lv,
1039 4337 1105 4406 499,
1123 4354 1136 4378 a
1150 4332 1202 4384 Aur

697 4437 710 4461 u
724 4415 805 4484 petis,
821 4425 865 4467 aut
877 4432 955 4483 urges
966 4413 1120 4478 ruiturum,
1131 4411 1201 4483 sisy-

696 4513 710 4539 u
723 4492 773 4561 phe
783 4511 904 4559 ,sarum3
917 4513 929 4537 »ι
940 4490 1000 4543 vide
1008 4492 1201 4544 Burmannum.

693 4569 814 4640 -Regii
830 4568 932 4623 codices
950 4567 1016 4622 nihil
1030 4578 1138 4623 mutant
1154 4586 1161 4620 a
1178 4574 1203 4619 et
