2708 5094
71 39 997 288 -ὶ-

239 708 244 717 -
285 647 1063 754 Marauoaruosaouuro.rr1v.
1137 680 1200 773 esi

141 817 239 889 Nune
257 843 410 917 quoque,
431 845 534 917 quum
549 816 656 914 fugias
673 819 893 922 averserisque
908 840 1075 922 petentes,

139 928 236 1006 Mille
253 930 348 1032 proci
365 931 523 1032 cupiunt,
540 951 572 1007 et
590 933 815 1035 semideique,
836 937 985 1038 Deique,

141 1051 186 1122 Et
203 1076 417 1149 quaecumque
437 1066 549 1122 tenent
564 1049 715 1125 Albanos
730 1051 865 1127 numina
879 1073 1018 1131 montes.

143 1164 207 1238 Sed
227 1182 280 1251 tu,
298 1163 327 1238 si
343 1162 468 1264 sapies,
485 1162 513 1237 si
532 1181 564 1238 te
582 1164 667 1239 bene
682 1166 838 1264 jungere,
854 1197 1020 1270 anumque
1152 1198 1206 1268 075

142 1282 237 1354 Hanc
254 1277 367 1351 audire
383 1277 492 1366 voles,
512 1307 584 1381 quae
603 1296 635 1352 te
650 1278 727 1380 plus
745 1282 900 1356 omnibus
915 1283 1002 1372 illis,
1067 1340 1072 1349 .

143 1393 240 1481 Plus,
259 1424 357 1495 quam
374 1394 499 1483 eredis,
514 1423 589 1469 amo
604 1425 613 1482 3
630 1395 780 1492 vulgares
797 1397 894 1496 rejice
911 1401 1030 1488 taedas,
1096 1468 1100 1475 .

144 1512 428 1611 Vertumnumque
446 1512 511 1585 tori
527 1513 653 1585 socium
672 1511 734 1585 tibi
750 1511 855 1609 delige
869 1545 877 1587 ε
890 1543 953 1615 pro
967 1543 1050 1618 quo·
1109 1568 1113 1573 -

144 1628 202 1702 Me
221 1655 355 1728 quoque
368 1627 490 1729 pignus
504 1627 591 1702 habe
606 1657 614 1701 :
631 1629 838 1729 nequeenim
852 1631 919 1704 sibi
931 1632 1049 1706 notior
1062 1632 1119 1708 ille
1136 1653 1206 1722 est,

144 1747 256 1842 Quam
272 1745 353 1817 mihi
369 1774 376 1816 ε
393 1773 453 1818 nee
472 1762 544 1820 toto
560 1744 683 1845 passim
699 1773 801 1841 vagus
816 1764 902 1821 errat
915 1746 952 1820 iu
969 1748 1062 1824 orbe.
1157 1774 1208 1828 oso

145 1863 223 1935 llaec
243 1859 315 1934 loca
333 1858 403 1935 sola
419 1857 500 1933 colit
514 1891 522 1932 :
537 1888 616 1948 nec,
634 1861 684 1933 uti
700 1888 777 1962 pars
789 1890 907 1957 magua
922 1892 1117 1964 procorum,

147 1979 255 2074 Quam
273 1976 374 2050 modo
390 1974 492 2061 vidit,
511 1994 619 2049 amat:
637 1993 673 2049 tu
685 1977 831 2076 primus,
851 1995 884 2050 et
901 1977 1037 2055 ultimus
1052 1979 1105 2055 illi

121 2142 124 2150 ·
149 2091 258 2164 Ardor
274 2087 355 2176 eris3
376 2089 505 2188 solique
523 2117 603 2162 suos
620 2088 682 2162 tibi
699 2089 836 2164 devovet
852 2118 968 2166 annos.

147 2203 261 2292 Adde,
280 2201 371 2302 quod
388 2220 437 2276 est
451 2202 597 2300 juvenis,
618 2201 706 2303 quod
724 2203 871 2279 naturale
890 2204 1016 2279 decoris

147 2325 274 2397 llluuus
292 2319 416 2393 habet:
433 2320 621 2419 formasque
637 2336 713 2418 apte
727 2319 871 2414 fingetur
885 2323 921 2395 in
937 2350 1071 2413 omues;
1157 2346 1211 2403 ost

147 2438 210 2522 Et,
229 2433 321 2535 quod
339 2432 401 2505 erit
414 2432 545 2530 jussus,
561 2432 677 2529 jubeas
694 2430 771 2505 lieet
785 2434 912 2523 omnia,
929 2435 995 2509 liet

149 2550 262 2649 Quid,
279 2549 369 2651 quod
379 2547 503 2624 amatis
511 2547 625 2622 idem?
642 2546 748 2647 quod,
768 2575 841 2646 quae
853 2547 915 2621 tibi
927 2577 1027 2649 poma
1040 2551 1212 2642 coluntur,

147 2665 280 2741 Primus
295 2664 413 2752 habet,
431 2663 569 2764 lataque
585 2681 676 2739 tenet
692 2680 750 2738 tua
763 2690 900 2737 munera
916 2662 1055 2738 dextra?

149 2783 215 2856 Sed
233 2810 339 2883 neque
354 2782 420 2880 jam
435 2778 535 2853 foetus
554 2777 717 2851 desiderat
730 2777 849 2875 arbore
865 2776 1012 2866 demtos,

148 2902 232 2991 Nec,
252 2930 335 3002 quas
350 2900 469 2974 hortus
486 2895 563 2986 alit,
582 2925 655 2970 cum
674 2893 780 2969 succis
795 2894 932 2969 mitibus
947 2895 1085 2985 herbas,
1162 2922 1215 2992 690

149 3023 217 3094 Nec
235 3019 436 3121 quidquam,
454 3017 519 3092 uisi
537 3034 569 3091 te
583 3046 591 3088 :
606 3014 758 3089 miserere
775 3011 944 3087 ardentis:
960 3032 993 3087 et
1009 3015 1141 3115 ipsum,

149 3190 420 3252 remiliorandum
434 3185 479 3240 sed
491 3184 617 3239 Heinsius
626 3202 658 3236 es
706 3180 838 3234 Heinsius.
849 3179 940 3234 Codex
948 3181 1150 3249 Regiusallaec
1156 3186 1215 3236 loca

150 3265 204 3320 MS
211 3264 347 3319 Barbaria.
357 3262 563 3333 recepittimidei,
575 3260 601 3315 lr.
609 3280 658 3312 ou·
706 3277 797 3326 uma
806 3275 816 3322 ,·
826 3258 908 3312 codex
918 3260 942 3312 B
952 3262 1005 3314 Nec
1016 3262 1074 3312 loca
1081 3279 1215 3328 mapa.-

150 3343 220 3397 dacis
232 3343 258 3393 iu
272 3340 394 3407 timidos,
407 3350 436 3392 ut
448 3342 491 3406 X,
507 3342 569 3406 544,
578 3337 659 3405 form
707 3337 832 3396 Devovet.
847 3347 931 3389 vovet.

143 3420 283 3488 succides
292 3429 354 3471 esto.
361 3416 511 3470 -Codices
520 3418 598 3470 ambo
606 3417 658 3470 lle·
738 3414 794 3479 684
806 3415 918 3466 lurensi.
931 3412 971 3466 lta
982 3412 1054 3483 pingi
1064 3422 1090 3467 et
1100 3413 1164 3485 fingi
1172 3435 1216 3470 so·

152 3497 186 3568 gii
194 3499 450 3552 tsms'autaudacr's.
461 3494 531 3563 quod
539 3494 659 3565 explicari
706 3488 791 3555 lebat,
809 3490 909 3545 rinctus
926 3509 1025 3544 corona
1044 3510 1059 3543 e
1077 3490 1217 3546 frondibus

153 3572 277 3637 deberet,
291 3570 375 3624 timidi
389 3572 416 3622 in
430 3588 537 3640 pugna,
556 3570 658 3624 audacis
706 3566 846 3633 viridibus,
863 3578 1009 3638 tenensque
1027 3587 1111 3623 cornu
1127 3571 1216 3638 copias.

153 3648 322 3703 instruendis
335 3650 455 3712 insidiis,
474 3646 520 3700 sed
535 3648 604 3700 bona
619 3659 659 3701 est
706 3674 738 3687 -·
748 3649 824 3713 Quod
837 3652 953 3701 naturale
967 3660 1015 3703 ete.
1033 3646 1104 3717 quod
1122 3659 1217 3702 natura

153 3727 311 3782 emendatio.
322 3729 372 3780 m.
706 3743 770 3786 eum
790 3723 853 3778 lesit
874 3724 1009 3779 decorum.
1019 3754 1053 3767 -
1067 3728 1218 3795 Formasque

187 3807 245 3875 675.
264 3808 295 3860 Si
307 3810 400 3874 sape‘es.
414 3803 493 3856 Multi
510 3807 613 3868 sapius,
633 3811 660 3854 et
707 3813 766 3869 epte
777 3815 826 3858 ete„
841 3804 974 3872 Tibullus,
990 3806 1047 3872 lV,
1060 3822 1102 3872 11,
1121 3810 1166 3874 14,
1184 3807 1217 3860 de

154 3904 215 3938 mox
225 3887 307 3947 velis,⁸
325 3881 455 3952 improbat
467 3891 556 3933 autem
568 3878 659 3932 Hein—
708 3880 860 3936 Vertumnis
872 3923 881 3950 ,
903 3885 978 3936 Mille
997 3885 1074 3938 tabee
1094 3897 1217 3948 oreatus,

156 3965 223 4029 sius,
247 3974 273 4016 et
291 3963 376 4026 bene,
394 3961 527 4030 quietum
545 3967 601 4011 erat
616 3975 660 4008 re-
708 3963 777 4012 mille
786 3963 901 4014 decenter
910 3965 992 4016 babet.

147 4045 232 4112 je'ce'as
249 4053 276 4095 et
294 4045 392 4107 deligas
411 4037 560 4092 dicendum.
586 4034 661 4106 Regii
742 4036 798 4106 687.
818 4043 879 4105 (lue
894 4042 1029 4105 ts‘ds'poma
1043 4045 1218 4098 coluntutetc.

155 4119 256 4172 codices
269 4118 333 4170 nihil
345 4128 456 4171 mutant
469 4118 519 4169 Ed.
710 4114 856 4170 Fructuum
876 4117 1000 4187 primitie
1019 4119 1137 4174 solebant
1150 4124 1221 4176 Ver-

188 4197 245 4251 681,
254 4199 381 4250 Hecloca
388 4202 453 4250 sola.
462 4195 536 4249 MSS
543 4193 600 4248 lem
608 4212 662 4248 om·
710 4205 804 4248 tumus
814 4194 869 4247 dari
878 4216 885 4258 ;
895 4195 1062 4265 Propertius,
1073 4195 1098 4255 d,
1107 4197 1166 4252 l.-ss.
1179 4221 1187 4253 1
1197 4222 1219 4270 s,

156 4296 216 4340 nes,
226 4269 304 4339 He'c,
317 4286 361 4329 aut
370 4278 423 4329 Nec
432 4280 491 4330 loca
496 4293 605 4342 magum
616 4273 663 4329 sed
709 4278 770 4344 quia
775 4279 893 4328 senentes
892 4272 1004 4341 fructum
1006 4281 1168 4343 precepimus
1175 4301 1220 4333 an·

155 4353 283 4407 Vivianus
303 4374 334 4407 ex
351 4355 403 4407 suis
420 4358 478 4408 loca
492 4356 570 4415 sala,
592 4351 662 4420 quod
710 4358 752 4420 πῂ·
769 4353 1003 4418 etvs.13,1’n'ma
1018 4356 1217 4414 mibs'sunistlr’·

155 4433 234 4486 etiam
247 4433 274 4485 iu
288 4450 343 4486 uno
355 4450 403 4486 suo
414 4441 549 4501 repertum
565 4430 663 4499 recepit
712 4432 880 4504 reatibusura
890 4437 1005 4486 racemis.

250 4534 321 4604 IV.
1041 4537 1079 4601 31
