2760 4710
293 394 801 466 METAMORPHOSEON
833 396 933 461 le.
963 395 1085 493 xtll.
1156 393 1220 463 363

151 538 313 614 Proditus
329 567 347 610 a
365 536 458 610 socio
475 553 524 609 est
541 564 636 619 :non
654 535 723 609 hac
741 535 824 608 milri
839 534 975 607 crimina
993 532 1092 628 fingi,

153 657 224 731 Scit
240 655 324 728 bene
340 652 503 754 Tydides;
518 650 577 752 qui
593 652 727 727 nomine
744 679 828 753 sape
845 669 996 724 vocatum

154 770 346 870 Corripuit3
364 767 558 869 trepidoque
576 765 688 863 sugam
703 765 918 866 exprobrarit
934 766 1050 841 amico.

155 885 357 986 Adspiciunt
375 882 480 956 oculis
498 883 618 983 Superi
634 882 784 957 mortalia
797 883 905 981 justis.
1189 916 1222 973 7⁰

153 1007 208 1078 Eu
225 1021 298 1098 eget
315 1000 457 1088 auxilio,
477 1001 534 1101 qui
553 1029 622 1074 uon
641 1000 718 1074 tulit
735 1031 742 1073 :
758 1019 860 1100 utque
873 998 1028 1100 reliquit,

155 1118 210 1191 Sic
229 1115 430 1218 linquendus
447 1133 535 1202 erat;
552 1113 655 1209 legem
673 1115 736 1188 sibi
755 1113 880 1188 dixerat
897 1112 983 1214 ipse·

154 1230 347 1305 Conclamat
365 1230 473 1303 socios
488 1259 496 1302 ε
514 1229 649 1315 adsum,
667 1228 828 1328 videoque
848 1243 1037 1301 trementem

154 1344 401 1444 Pallentemque
416 1361 525 1430 metu,
546 1372 582 1416 ac
603 1343 822 1444 trepidantem
840 1359 948 1415 morte
964 1340 1085 1414 lutura.

155 1461 309 1563 Opposui
329 1461 449 1534 molem
467 1460 593 1562 clypei;
614 1461 745 1562 texique
761 1461 942 1560 jacentem
1188 1478 1220 1548 75

154 1581 351 1681 Servarique
369 1580 529 1666 animam,
549 1579 722 1653 minimum
736 1598 787 1653 est
803 1579 867 1652 boc
882 1577 1006 1664 laudis,
1021 1576 1169 1649 inertem.

154 1692 190 1765 Si
204 1710 331 1795 perstas
350 1709 490 1779 certare,
510 1692 620 1766 locum
635 1693 804 1767 redeamus
820 1692 854 1764 in
872 1691 983 1764 illum:

155 1807 270 1881 Redde
286 1806 435 1894 hostem,
453 1804 638 1907 vulnusque
659 1824 770 1894 tuum,
787 1804 990 1907 solitumque
1009 1806 1180 1890 timorem;

152 1924 236 1997 Post
254 1923 471 2027 clypeumque
488 1923 574 1998 late:
591 1941 625 1998 et
638 1952 764 1998 mecum
782 1923 942 1996 contende
958 1923 1021 1998 sub
1038 1920 1106 1996 illo.

153 2044 201 2116 At
218 2060 394 2143 postquam
413 2043 536 2141 eripui,
555 2042 609 2115 cui
627 2041 735 2116 standi
753 2039 887 2113 vulnera
901 2041 986 2115 vires
1186 2060 1221 2112 ευ

154 2163 233 2234 Non
249 2160 421 2247 dederant,
442 2159 534 2234 nullo
555 2159 703 2233 tardatus
719 2158 852 2233 vulnere
868 2158 963 2254 sugit.

156 2277 283 2350 Hector
297 2275 401 2364 adest,
421 2303 598 2375 secumque
613 2277 705 2349 Deos
720 2275 755 2347 in
772 2272 883 2377 praelia
897 2272 1010 2358 ducit·,

154 2446 184 2501 ll.
195 2456 230 2512 θ,
245 2448 326 2500 80.-
337 2447 455 2499 Proditus
467 2445 568 2514 gravius
582 2465 661 2514 quam
710 2448 776 2513 485,
795 2449 865 2521 pipou
879 2446 952 2503 σᾶκως
969 2448 1021 2504 ibri
1035 2446 1122 2516 rip-peu.
1142 2440 1217 2494 ldern

153 2524 311 2578 desertus·
317 2526 434 2587 Trepido,
447 2541 499 2592 prae
510 2533 582 2574 metu
595 2522 662 2575 cele·
709 2523 869 2575 beneficium
883 2522 986 2591 ingrato
994 2519 1135 2588 exprobrat
1149 2517 1220 2588 apud

153 2601 558 2669 riterfugienti—Exprobrant!,·
572 2600 662 2652 alludit
711 2599 806 2667 Quint.
820 2599 875 2652 Cal.
889 2619 933 2651 aor
948 2617 1013 2666 sqq,
1031 2595 1076 2650 aed
1093 2615 1146 2648 non
1165 2607 1219 2648 tam

153 2679 185 2733 ad
198 2682 277 2732 verba
293 2698 351 2748 quae
365 2679 519 2743 llomerus,
535 2698 600 2732 vers.
611 2682 659 2751 94,
710 2678 830 2748 graphice
842 2677 1081 2741 etronturneliose,
1094 2686 1123 2728 ut
1132 2675 1218 2742 lricja·

153 2756 278 2813 Diomedi
289 2757 406 2809 attribuit
419 2777 425 2809 :
440 2767 473 2811 ni
486 2764 587 2826 prul-pn,
601 2760 661 2824 μετὰ
708 2766 810 2809 centem.
824 2755 902 2824 Apud
916 2756 1065 2808 Homerum
1077 2753 1156 2807 eliam
1164 2752 1219 2804 vul·

154 2841 323 2902 »euentu-1,
336 2839 454 2900 καιὶςῶς,
471 2839 548 2908 ὁμῦῳ.
708 2843 814 2886 uerutus
830 2832 933 2886 sortiter
951 2844 1067 2902 pugnat,
1088 2843 1115 2885 et
1130 2841 1220 2900 postea

188 2930 227 2980 7⁰·
238 2913 393 2980 Adspiciunt
406 2914 550 2978 dbperr'etc.
568 2909 661 2965 Gravis
709 2910 847 2964 Menelaus
860 2930 923 2962 eum
936 2930 1017 2963 manu
1031 2909 1103 2963 ducit
1119 2929 1133 2962 e
1148 2928 1217 2977 prte-

152 2988 209 3043 διε
226 2990 355 3042 sententia
378 3010 409 3043 eo
432 2990 568 3058 pertinet,
589 2987 660 3058 quod
709 2988 752 3041 lio.
764 2989 818 3042 Pro
822 2990 952 3055 lucentem
965 3000 1016 3041 tres
1029 2988 1126 3042 habeut
1137 2993 1218 3042 lateu-

153 3065 249 3120 auxilio
266 3085 325 3118 mor
344 3068 397 3137 ipse
415 3068 523 3136 egebat,
543 3068 587 3135 qui
605 3085 659 3119 non
708 3077 757 3120 leur
764 3066 834 3135 quod
841 3086 893 3119 non
901 3067 1031 3136 improbat
1039 3067 1217 3131 Burmannus,

151 3142 292 3197 tulerat-
300 3147 421 3198 dlortalrb
434 3146 548 3198 absolute
561 3155 587 3197 et
598 3145 662 3197 sub-
708 3145 770 3213 quia
783 3147 893 3215 repetit,
907 3157 969 3212 pos!
982 3150 1142 3216 clypeumque
1159 3150 1218 3197 late.

151 3222 391 3291 stantiveponitur‚
405 3243 445 3276 rea
453 3223 575 3277 bumanae
586 3223 660 3286 ,vide
708 3222 777 3276 —Et
785 3223 844 3292 quia
854 3224 947 3292 repetit
957 3228 1014 3283 late,
1024 3221 1218 3294 preferendum

150 3299 302 3353 Bentleium
314 3301 345 3354 ad
360 3302 452 3354 llorat.
464 3303 521 3354 Art.
534 3303 607 3354 Poet.
620 3303 660 3355 bd.
708 3299 751 3354 hic
760 3302 889 3366 jacentem
902 3342 909 3363 ,
931 3300 999 3370 quod
1021 3301 1117 3354 habeut
1136 3301 1218 3353 nostri

151 3380 374 3446 -Egetautr'lr'm
383 3380 474 3446 egebat
485 3389 571 3431 autem
582 3379 661 3450 Ulys-
708 3377 824 3442 codices;
835 3378 946 3432 alterum
960 3397 1014 3431 uon
1025 3379 1156 3432 convenit.
1168 3380 1219 3429 Ed.

149 3476 204 3522 ses,
219 3474 302 3524 quum
310 3459 489 3525 Troianorum
501 3456 621 3510 cobortes
633 3458 659 3511 iu
707 3455 805 3507 —Mox
813 3475 861 3524 pro
870 3459 1006 3523 vulnusque
1013 3466 1081 3509 tuum
1089 3454 1218 3523 Scheppe·

149 3552 231 3597 eum,
251 3532 311 3585 Sori
330 3535 401 3587 basta
417 3535 598 3600 vulneratum,
618 3535 660 3588 ir-
708 3551 752 3584 rus
762 3533 868 3602 corrigit
879 3537 1022 3600 uultumque
1033 3544 1113 3595 tuum,
1127 3531 1195 3583 rnale
1209 3553 1216 3594 ς

149 3621 276 3667 ruerent;
293 3620 349 3664 tum
363 3624 403 3666 ter
413 3615 446 3665 ita
455 3618 595 3673 clamabat,
611 3618 661 3668 ἴσον
708 3611 767 3664 vide
780 3615 974 3666 Bnrmannum.

149 3696 234 3761 capell
247 3689 305 3753 χάδε
317 3695 393 3757 purif
408 3691 437 3742 ll.
448 3701 486 3756 Δ,
503 3691 558 3757 461.
571 3692 659 3760 Atque
741 3690 781 3741 82.
793 3691 880 3742 Secum
897 3692 968 3741 lleos
985 3692 1012 3740 r'a
1028 3690 1121 3753 pretia
1140 3688 1218 3740 ducit.

149 3768 205 3822 hec
214 3766 387 3834 ignominiose
399 3768 541 3821 admodum
551 3769 592 3823 bic
602 3790 659 3823 nan
709 3767 803 3837 Apollo
815 3770 907 3823 missua
915 3789 928 3822 a
936 3769 1001 3820 Jove
1013 3766 1128 3819 anteibat
1141 3766 1217 3820 Hec—

149 3854 260 3908 rautur,
279 3844 453 3915 Ulyssemque
472 3845 571 3900 sariunt
587 3848 660 3918 igna-
709 3857 811 3911 torem,
825 3848 895 3900 nube
905 3856 986 3900 tectus
993 3845 1125 3913 aegideque
1134 3864 1216 3899 arma·

150 3940 209 3975 vam
218 3923 654 3989 mot:rem.-Legemsibe·dixerat,
708 3934 768 3989 tus,
781 3925 947 3992 terrebatque
960 3922 1083 3988 Grecos,
1097 3935 1125 3977 ut
1135 3924 1215 3995 suge—

150 3999 329 4052 rouditionem
339 3999 391 4069 ipse
402 4001 600 4070 praescripserat,
608 4020 658 4069 qua
707 4015 783 4067 rent;
797 4002 856 4055 vide
869 4005 980 4056 llomer.
994 4005 1022 4056 ll.
1039 4015 1078 4071 0,
1091 4025 1139 4058 aao
1148 4026 1214 4075 sqq,

151 4076 300 4130 tractandus
310 4080 517 4131 esset-Adsum
527 4097 588 4131 curn
600 4078 660 4132 Me·
706 4081 839 4150 307,326.
851 4082 953 4133 Verum
963 4101 1017 4135 non
1030 4093 1085 4136 turn
1092 4088 1211 4152 pondere,
1244 4142 1249 4155 ,
1290 4119 1294 4125 -

152 4157 373 4212 oetan-Molem
383 4163 468 4230 clypei
472 4175 483 4225 ,·
499 4159 580 4213 Hom.
593 4177 657 4212 rere.
705 4158 733 4213 id
745 4168 801 4224 est,
821 4176 898 4227 mo,
907 4157 1049 4227 suadebat,
1069 4162 1102 4215 ed
1117 4174 1220 4217 terram·
