2708 5094
281 803 796 874 METAMORPHOSEON
825 806 922 873 LIB.
949 804 1043 873 xlt.
1131 807 1199 873 313

140 977 157 1009 s
176 945 356 1042 Quasque,
375 942 442 1030 ait,
461 960 536 1017 ante
555 943 674 1017 babuit
689 944 793 1031 vices,
813 943 932 1017 effudit
947 945 982 1017 in
1000 973 1077 1019 uno.

141 1094 157 1125 n
176 1064 262 1133 Nam
280 1077 367 1133 certe
384 1059 507 1148 valuit,
526 1059 576 1132 vel
597 1089 697 1160 quum
713 1062 870 1161 Lyrnesia
884 1061 1011 1161 primus

141 1212 158 1244 »
179 1177 306 1252 Moenia
321 1177 455 1275 disjeei;
473 1176 523 1251 vel
543 1206 645 1276 quum
663 1178 910 1278 Tenedonque,
925 1205 1052 1278 suoque

140 1328 158 1360 n
178 1294 356 1368 Eetioneas
373 1293 505 1393 impleri
522 1294 683 1387 sanguine
694 1295 848 1380 Thebas,
962 1314 966 1321 '
1160 1332 1207 1369 tto

142 1445 160 1477 s
179 1410 243 1483 Vel
261 1439 363 1509 quum
381 1438 570 1511 purpureus
586 1408 740 1509 populari
757 1412 844 1484 caede
863 1412 990 1513 Caycus

143 1564 161 1594 »
180 1526 311 1613 Fluxit,
327 1556 479 1627 opusque
494 1556 573 1602 mete
590 1529 643 1601 bis
658 1529 761 1602 sensit
777 1528 946 1629 Telephus
963 1529 1074 1604 bastae.
1104 1534 1109 1558 ⁴

145 1681 161 1712 s
179 1646 244 1719 ttic
264 1673 397 1744 quoque
416 1661 469 1715 tot
486 1646 596 1730 caesis,
616 1674 758 1744 quorum
776 1673 836 1744 per
856 1645 935 1718 lit'us
951 1674 1082 1720 acervos

144 1792 162 1827 s
180 1762 228 1833 Et
243 1757 325 1844 feci,
345 1775 376 1830 ct
392 1758 508 1844 video,
525 1758 629 1831 valuit
644 1787 716 1832 meu
733 1758 865 1846 deutra,
884 1758 1076 1860 valetque.»

143 1877 236 1951 llixit
252 1907 260 1948 :
276 1893 328 1962 et,
348 1893 422 1948 ante
440 1877 521 1948 actis
538 1875 639 1950 veluti
657 1875 740 1949 male
757 1877 920 1964 crederet,
935 1877 1063 1951 hastam
1164 1900 1209 1951 ιι5

144 1992 238 2067 Misit
253 1991 288 2063 in
306 1990 475 2064 adversum
493 1992 592 2091 Lycia
609 1992 649 2064 de
662 1990 761 2091 plebe
777 1986 965 2080 Meuoeten,

143 2162 199 2226 tat,
211 2160 265 2229 ipse
277 2159 416 2228 gloriatur,
426 2179 451 2212 se
461 2158 600 2212 duodecim
609 2179 654 2211 ur·
704 2179 717 2203 »
731 2157 871 2212 dromacbe
880 2158 933 2228 ipsa
941 2159 1125 2228 conqueritun
1139 2159 1167 2211 ll.
1176 2159 1211 2224 Α,

142 2240 187 2295 bes
196 2241 268 2293 inter
279 2238 473 2307 navigandum,
491 2249 517 2291 et
530 2237 654 2290 undecim
703 2257 717 2283 u
730 2238 792 2303 3543
802 2239 838 2301 Z,
848 2237 904 2309 395.
913 2239 1044 2307 »Legitur
1053 2239 1212 2293 etiamElr'o·

144 2319 171 2372 in
181 2319 337 2372 continente
350 2317 478 2370 excidisse.
492 2317 545 2369 Sed
555 2317 600 2369 bas
610 2336 653 2368 ur·
702 2331 780 2376 ηοω,-
792 2313 836 2366 sed
850 2315 916 2367 male
927 2355 934 2378 ,
946 2316 1082 2369 Homerus
1093 2316 1164 2369 enim
1174 2315 1213 2367 lo·
1289 2352 1292 2359 ,

144 2397 189 2451 bes
201 2397 285 2450 serius
301 2396 465 2464 expugnauit.
478 2422 511 2435 —
528 2395 654 2464 lyrnesus
702 2389 738 2442 cis
747 2387 820 2442 dictis
831 2389 908 2443 babet
919 2401 1010 2447 unfus.
1019 2395 1068 2445 Ed.
1077 2420 1109 2431 ·-
1119 2392 1214 2460 Quum

146 2485 191 2527 aut
196 2477 352 2544 lymessus.
363 2484 389 2525 et
404 2474 493 2524 Thebe
500 2491 544 2525 seu
560 2475 653 2533 Thebe,
705 2465 823 2531 disjicere
829 2467 933 2534 proprie
941 2467 973 2519 sit
983 2469 1017 2520 ita
1025 2467 1159 2521 destruere
1169 2510 1175 2534 ‚
1185 2479 1214 2522 ut

146 2551 337 2622 urbesblysiae,
351 2549 488 2618 quaeregio
494 2560 581 2619 postea
590 2551 658 2602 AEo-
704 2542 831 2611 fragmino
843 2563 928 2612 sparsa
941 2545 1059 2611 jaceant,
1078 2546 1109 2598 de
1127 2548 1215 2600 excisis

148 2627 179 2680 lis
190 2626 259 2680 dicta
271 2637 308 2680 est
322 2648 328 2689 ;
349 2627 407 2681 vide
424 2628 658 2679 Burmannum.-
705 2621 848 2684 moenibus,
859 2620 979 2686 urbibus,
993 2623 1092 2676 arcibus
1104 2624 1213 2677 adbibe-

147 2704 395 2774 Eetrbneas.Regius
404 2702 658 2756 nostercodexASo
706 2709 762 2759 tur;
775 2698 827 2750 vid.
838 2699 1215 2754 lleinsiusetBurmannus.-

146 2787 190 2836 lus
197 2785 338 2837 Echr'oaer'u
348 2787 451 2850 staplen·
459 2785 581 2848 sanguine
592 2782 616 2831 Τ
613 2784 659 2831 te·
705 2781 828 2844 populari
846 2781 930 2838 cede,
951 2779 1020 2831 caede
1039 2780 1214 2847 popularium,

147 2864 210 2925 bas,
221 2858 333 2914 codesB
344 2863 500 2919 Sithtbnens,
514 2858 576 2909 etin
589 2876 659 2908 mar·
705 2855 790 2909 Fluvii
802 2855 874 2908 enirn
882 2858 1017 2922 populares
1030 2855 1161 2908 habentur
1172 2877 1216 2911 ar-

147 2940 206 3008 gine
226 2941 271 2991 ael
285 2940 445 2998 Ermerium
465 2935 497 2987 ad
515 2935 569 2987 haec.
588 2933 658 2986 haud
706 2935 840 2997 rolarum;
857 2934 915 2987 vide
931 2935 987 3000 lX,
1002 2954 1041 2987 πο.
1053 2962 1086 2975 -
1099 2936 1214 3005 Caycus,

148 3012 659 3081 malsretulerimuseaquaedixeritlle-
707 3011 800 3083 Mysiae
820 3010 939 3075 fluvius;
963 3010 994 3063 ad
1021 3030 1083 3065 eum
1106 3010 1216 3066 lluvium

148 3091 219 3162 gius:
230 3113 244 3137 s
258 3090 391 3160 Corrupto
404 3090 510 3158 quidem
519 3091 554 3142 sic
564 3090 660 3159 legitur
708 3088 821 3142 Achilles
833 3089 905 3142 basta
920 3109 965 3142 sua
979 3089 1123 3143 vulneravit
1141 3094 1218 3143 Tele-

150 3190 164 3215 »
175 3168 189 3240 (
201 3170 279 3222 Solus
294 3171 455 3234 Echinum)
473 3168 548 3236 culpa
566 3186 660 3220 eorum
702 3169 798 3234 phem,
818 3167 939 3220 Herculis
958 3178 984 3220 et
1005 3168 1093 3235 Auges
1113 3167 1216 3235 lilium,

152 3248 222 3318 ’qui
234 3247 284 3301 sibi
302 3246 391 3299 omnia
410 3246 566 3315 permittunt
584 3246 611 3298 in
630 3246 660 3298 iis
708 3263 790 3312 quum
798 3243 1218 3314 Graecosprobiberelitoreaudc·

152 3344 165 3369 π
177 3322 355 3387 invertendis,
368 3342 426 3390 quae
437 3324 463 3374 in
475 3323 563 3391 priscis
571 3341 661 3375 exem·
708 3332 756 3373 ret.
770 3321 834 3388 Quo
846 3342 876 3373 er
892 3323 999 3375 viilncre
1012 3342 1093 3392 quum
1109 3325 1218 3376 summis

153 3422 166 3446 ¹·
177 3400 293 3470 pleribus
301 3400 427 3469 descripta
436 3419 490 3451 nou
499 3401 659 3469 percipiunt:
709 3398 843 3452 doloribus
855 3402 1031 3467 cruciaretur,
1045 3411 1071 3454 et
1084 3403 1218 3456 oraculum

153 3500 168 3524 ²
179 3497 264 3548 quum
273 3479 345 3531 enim
357 3498 482 3546 quasnam
492 3477 661 3532 OvidiusEe-
709 3476 732 3529 ei
744 3476 919 3546 respondisset
931 3518 938 3543 ,
958 3481 1065 3554 ἠρώτας
1076 3487 1101 3534 re*
1112 3483 1218 3545 tierent,

153 3578 167 3604 ν
177 3563 279 3612 lioaeeaes
293 3559 393 3609 Thebas
404 3569 508 3610 voearet
520 3558 606 3610 minus
619 3558 662 3609 in·
710 3553 823 3608 Achilles
835 3556 953 3624 robigine
966 3555 1044 3610 hastae
1055 3557 1144 3611 derasa
1156 3578 1218 3611 eum

136 3655 138 3660 ’
153 3655 168 3681 ²
180 3634 457 3703 telligerenthomines
466 3636 577 3703 imperiti
588 3646 614 3687 et
623 3645 662 3687 te·
709 3634 816 3685 sanavit.
829 3634 916 3702 Atque
927 3636 962 3687 ita
973 3634 1013 3688 bis
1021 3642 1113 3697 sensit,
1127 3656 1220 3704 exper-

153 3733 167 3758 υ
178 3712 303 3777 merarii,
322 3730 376 3764 non
386 3713 471 3765 solum
483 3716 618 3765 Eetioneas
634 3712 661 3763 in
710 3722 752 3765 tus
763 3723 801 3766 est
817 3733 893 3779 opus.
911 3715 963 3767 vim
979 3727 1005 3768 et
1026 3716 1174 3768 vulnificam
1193 3726 1220 3766 ot

153 3810 168 3835 s
180 3791 323 3842 Echionias
335 3790 516 3855 inverterunt,
529 3789 573 3843 sed
585 3799 610 3842 et
618 3808 662 3842 so-
709 3790 848 3844 salutarem
868 3791 940 3844 istius
961 3792 1056 3855 hastae,
1081 3793 1219 3864 Hyginus,

153 3888 167 3912 »
178 3869 221 3918 Ins
234 3865 376 3921 commodo
390 3886 438 3919 suo
453 3867 661 3935 adscripserunt,
710 3868 759 3921 lab.
776 3889 837 3928 1013
852 3869 967 3936 Plinius,
979 3872 1068 3934 XXV,
1085 3890 1120 3941 ¹9·

153 3943 333 4014 »ignorantes
353 3947 493 3996 Echionias
518 3947 615 3995 Thebas
634 3943 661 3995 in
746 3945 799 3998 113.
814 3948 865 3998 Per
874 3950 936 3998 litus
943 3941 952 4006 ,’
960 3946 1088 4013 dispersos
1099 3946 1124 3995 in
1135 3944 1219 3994 litore.

154 4041 168 4067 υ
180 4020 282 4075 Bceotia
291 4042 361 4088 esse,
374 4042 432 4090 quae
442 4021 662 4090 proGraeciscon-
710 4024 867 4084 —Hastam,
878 4023 901 4076 F
902 4024 1046 4075 lorentinus
1060 4033 1085 4074 et
1098 4021 1222 4073 Francos.

154 4122 168 4145 ι
181 4109 222 4153 tra
235 4102 366 4170 Troianos
378 4111 523 4165 steterunt;
539 4121 602 4169 quas
615 4121 664 4154 au·
711 4101 803 4159 haste,
814 4100 884 4152 unde
893 4098 1222 4166 lleinsiusconjicitetanlr

154 4200 168 4226 υ
180 4188 236 4232 tem
248 4200 275 4233 se
288 4182 367 4248 jactat
382 4199 539 4249 expugnasse
553 4179 665 4233 Achilles
711 4187 776 4230 acto
788 4182 941 4231 uelutimale
955 4181 1064 4231 crederet
1075 4179 1170 4235 haste,
1192 4185 1223 4228 ut

156 4275 169 4300 ¹·
181 4254 329 4323 incilicia,
342 4260 537 4310 suntEcn'oneae
547 4254 621 4308 dictae
632 4254 665 4307 nb
712 4254 914 4322 ageresulmr'na,
931 4260 981 4309 tela
994 4254 1151 4323 eto-Regii
1160 4273 1223 4306 nos-

155 4353 169 4379 »
182 4335 303 4396 Bellone,
330 4346 403 4404 patre
423 4332 619 4387 Andromaches
638 4342 665 4385 et
714 4332 747 4385 tui
759 4331 823 4384 nihil
835 4343 946 4385 mutant.
959 4361 993 4372 -
1004 4334 1079 4384 stunt
1088 4336 1116 4383 in
1128 4336 1222 4385 adner-

157 4430 170 4455 »
183 4431 260 4479 rege,
273 4414 315 4466 cui
328 4413 420 4466 Thebe
434 4413 520 4483 paruit
531 4435 536 4474 ;
550 4411 620 4464 bunc
632 4410 665 4463 ab
714 4429 769 4462 sum
780 4419 827 4461 etc.
842 4408 966 4475 Centies,
980 4420 1005 4461 et
1015 4409 1041 4461 in
1052 4408 1099 4463 bac
1108 4410 1160 4478 ipsa
1171 4410 1223 4463 lab.

158 4507 172 4533 ¹·
185 4488 287 4542 Achille
307 4489 475 4544 intersectum
491 4530 498 4555 ,
520 4489 666 4558 urbemque
714 4489 806 4558 sepius
818 4487 954 4555 homines,
969 4499 996 4542 et
1010 4490 1147 4557 membra,
1166 4509 1224 4560 qus>

161 4585 174 4610 ¹·
184 4565 370 4636 depopulatam
378 4568 447 4637 apud
455 4569 606 4622 Homerum
612 4568 667 4620 An·
716 4567 780 4621 alter
791 4565 866 4636 petiit
877 4565 949 4634 telis,
968 4571 1071 4624 adversi
1079 4580 1106 4623 et
1117 4573 1224 4623 aduersa
