2760 4710
313 110 1075 184 IlIETAMORPHOSEONLIB.Xl.
1159 123 1223 187 285

158 255 240 327 llon
253 250 334 348 vigit
352 250 419 325 ales
436 250 484 324 ibi
504 251 630 325 cristati
650 253 804 328 cantibus
820 255 889 329 oris

159 370 289 443 Evocat
306 369 485 454 Auroram
505 396 564 442 nee
582 396 661 443 voce
677 369 808 453 silentia
825 388 985 471 rumpunt

160 481 343 558 Sollicitive
360 511 471 570 canes,
491 483 667 558 canibusve
682 487 831 581 sagacior
847 515 952 561 anser.

160 601 241 673 Non
257 599 341 686 fera,
359 628 426 671 non
446 599 604 699 pecudes,
621 629 689 673 non
707 603 787 674 moti
804 601 933 676 [lamine
953 602 1051 693 rami,
1153 626 1223 680 ooo

162 715 362 788 Humanaeve
379 743 498 788 sonum
515 715 658 788 reddunt
674 718 820 790 convicia
836 716 968 812 linguae.

163 830 262 904 Muta
280 831 373 931 quies
389 831 518 904 habitat
535 861 544 904 ε
564 859 643 905 saxo
660 850 767 907 tamen
784 834 850 908 exit
864 835 906 907 ab
925 834 993 907 imo

164 945 271 1020 Rivns
288 974 379 1046 aquae
395 946 516 1020 Lethes
532 976 540 1033 ;
558 975 729 1048 perquem
746 978 820 1022 cum
838 979 1004 1024 murmure
1022 948 1137 1024 labens
1193 1026 1199 1039 ,

162 1060 286 1135 Invitat
302 1089 438 1134 somnos
454 1063 692 1163 crepitantibus
708 1065 796 1138 unda
812 1064 944 1164 lapillis.

163 1252 240 1300 mue,
258 1230 312 1286 dno
325 1232 425 1287 diversa
442 1253 510 1287 rore.
527 1235 573 1286 uni
590 1235 670 1288 verbo
720 1255 770 1289 nus
787 1236 948 1304 Paulinum,
967 1237 1049 1306 Epist.
1063 1239 1094 1305 l,
1113 1237 1145 1291 ad
1166 1238 1227 1292 Aut.

162 1309 266 1364 addidit
280 1330 287 1363 ι
299 1313 463 1369 ΙιῦιίπΙειίε.
479 1311 537 1363 ride
549 1313 605 1377 lv,
622 1317 671 1377 too
718 1313 869 1381 expressisse
884 1314 909 1367 tr.
923 1316 938 1368 l.
954 1317 1022 1367 lium
1037 1319 1102 1368 levia
1114 1318 1228 1369 benene

161 1408 216 1460 seq.
229 1389 310 1445 Multi
319 1395 464 1460 crepuscula
472 1396 561 1443 noctr‘s.
573 1391 671 1445 -Sed
718 1398 805 1445 metuit
816 1399 929 1446 convitia
941 1398 1038 1461 iinpuae.

162 1468 256 1536 justius
268 1469 463 1538 estlaeisquod
478 1468 576 1522 habent
589 1470 672 1524 nostri
758 1472 814 1523 503.
838 1474 918 1524 trous
941 1492 1012 1538 aque
1032 1472 1130 1526 Lethes.
1155 1472 1227 1541 Quia

163 1544 249 1617 Regii.
261 1548 312 1600 Et.
718 1548 880 1603 dormientes
888 1549 1076 1604 obliviscuntur
1088 1569 1226 1618 curarum,

194 1626 253 1697 597.
264 1624 345 1684 Ales,
359 1618 438 1692 galleis
446 1622 615 1692 gallinaceus,
627 1624 671 1692 qui
719 1636 856 1694 propterea
873 1633 939 1679 ntus
956 1628 1047 1678 Lethes
1059 1636 1120 1679 ante
1133 1626 1228 1679 Somni

161 1699 393 1771 superimpliciter
404 1707 461 1775 ipsu
471 1705 559 1753 etates
569 1700 671 1755 dieitur.
719 1702 812 1755 aulam.
828 1703 851 1755 Α
866 1702 1027 1757 Callimacho
1046 1704 1070 1756 h.
1088 1704 1146 1757 Del.
1161 1723 1228 1756 vers.

163 1778 263 1831 -Pro
280 1782 400 1832 enitens
418 1782 472 1829 aies
492 1778 555 1829 dixit
574 1783 676 1830 cristati
720 1781 888 1846 234,letetaa
895 1786 970 1856 erepla
978 1782 1000 1834 ei
1011 1780 1229 1850 tribuitur.Apu‹l

162 1859 282 1910 tutides
289 1860 355 1919 oris,
367 1856 427 1924 quia
439 1856 555 1923 alesiam
564 1867 671 1909 ornatus
720 1858 794 1927 Virg.
807 1857 868 1911 AEn.
879 1856 915 1922 V,
926 1859 990 1922 854,
1005 1861 1228 1927 Lertaeanaquam

162 1943 204 1986 eet
215 1950 265 1985 sno
275 1930 398 2002 epitheto.
411 1931 539 1984 Lucienus
550 1932 584 1984 ibi
597 1933 671 2001 ponit
719 1935 844 2004 inspergit
868 1934 894 1985 in
914 1935 1002 1987 oculos
1025 1936 1149 1989 Palinuri.
1169 1938 1227 2005 lpse

162 2009 226 2080 galli
237 2009 368 2080 gallinacei
380 2010 506 2080 templum
517 2050 524 2076 ,
538 2011 599 2062 etin
609 2012 671 2064 silva
718 2014 824 2065 Soram
835 2015 936 2064 letheus
945 2010 1043 2079 Georg.
1054 2013 1083 2076 Ι,
1094 2014 1133 2082 87.
1149 2014 1228 2083 Apud

161 2104 292 2156 magnam
300 2086 509 2155 vespertilionum
521 2086 582 2139 vim.
592 2087 670 2156 Apud
720 2090 804 2161 Orph.
816 2092 851 2143 Η.
860 2091 907 2155 84,
919 2090 949 2154 8,
963 2089 1079 2143 Somnus
1096 2101 1134 2143 est
1147 2091 1230 2145 irater·

160 2165 283 2221 Statium
291 2164 432 2218 atrahoum
441 2176 560 2219 armenta
570 2167 598 2219 in
610 2185 669 2235 gra·
720 2166 981 2232 Lethes-Perque
990 2185 1046 2216 cum
1052 2180 1230 2222 murmureetc.

159 2246 519 2317 &nequiuerint-Evocat
524 2267 537 2299 e
546 2245 611 2298 rnari
618 2247 671 2298 Au·
720 2245 842 2298 Bartluus
854 2244 886 2296 ad
900 2244 1016 2296 Statium
1026 2242 1051 2293 Τ
1053 2241 1111 2295 heb.
1122 2243 1163 2309 X,
1178 2246 1229 2317 96,

159 2346 261 2388 mma,
282 2344 340 2396 qun
355 2327 473 2395 sequitur
485 2327 542 2393 eius
555 2336 670 2378 cautum.
719 2323 780 2393 legit
797 2326 897 2391 queruio
918 2341 974 2374 cunr
993 2340 1113 2372 murmure
1133 2324 1230 2374 iaicas.

160 2406 304 2478 Virgilius,
316 2405 412 2476 Georg.
421 2408 432 2460 1
442 2445 449 2471 ,
459 2406 507 2458 3⁸8
517 2445 524 2471 ,
533 2408 672 2471 uocatpiu-
720 2400 889 2453 Burmannus
894 2399 992 2464 mallet,
1000 2401 1100 2465 querulo
1106 2418 1158 2466 qne
1164 2418 1231 2451 mur-

159 2490 226 2539 rim
236 2489 333 2538 comit.
345 2511 378 2523 -
389 2485 515 2543 Solliciti,
534 2482 669 2551 vigilares,
719 2498 798 2541 mere,
818 2479 858 2531 vel
873 2481 954 2531 Ritus
970 2498 1040 2545 aque
1056 2480 1161 2537 Lethes,
1178 2481 1232 2529 leni

159 2562 242 2617 etiem
262 2562 367 2627 Livius,
380 2563 416 2627 V,
433 2565 481 2629 47,
498 2562 579 2612 Canes
593 2565 670 2612 solii-
718 2577 771 2625 que
785 2577 906 2609 murmure
918 2559 1006 2608 tabens
1021 2577 1028 2608 .·
1044 2575 1112 2609 unus
1129 2557 1229 2610 llloreti

159 2647 237 2695 citu
247 2644 287 2694 ad
295 2651 430 2694 nocturnos
440 2645 556 2707 strepitus
566 2644 671 2692 animat.
719 2637 800 2687 Ilirus
804 2653 875 2701 aque
882 2634 1066 2702 leuen-Regii
1074 2634 1155 2686 nostri
1164 2635 1229 2687 nihil

160 2719 267 2775 Eodem
280 2739 353 2773 nunc
367 2718 434 2772 redit
448 2737 548 2786 sagax,
567 2720 611 2787 qui
626 2719 670 2771 sa-
719 2722 839 2771 mutarn
852 2722 879 2764 el
891 2711 958 2764 bene
970 2731 977 2763 ἱ
991 2710 1049 2763 vide
1062 2730 1119 2778 quse
1130 2731 1189 2764 mox
1198 2713 1230 2766 el.

159 2798 210 2853 dle
229 2796 415 2851 animadvertit
431 2797 561 2863 strepitus.
577 2797 670 2865 Neque
722 2797 817 2860 Gierek.
829 2791 924 2845 Et-
936 2792 996 2845 Noli
1009 2812 1069 2845 cum
1083 2794 1192 2847 Barthio
1204 2806 1231 2847 et

159 2893 227 2929 vero
240 2874 284 2929 laic
299 2874 411 2943 respexit
423 2872 455 2924 ad
467 2873 534 2926 solos
548 2872 672 2943 Capitolii
719 2872 876 2926 Burmanno
894 2870 993 2923 ollendi
1012 2877 1080 2924 unda
1092 2894 1140 2939 per
1152 2879 1229 2925 re'vum

160 2970 269 3006 anseres
277 2962 396 3021 tempore
408 2949 500 3002 Manlii
511 2990 518 3016 ,
528 2952 671 3004 tuncenim
719 2953 836 3009 labente,
852 2966 915 3000 nam
931 2946 983 3000 lert
998 2947 1048 3001 hoc
1063 2969 1151 3003 sermo
1169 2950 1229 3001 tto-

159 3032 315 3102 importune
331 3030 381 3083 boc
398 3041 464 3082 esset
480 3029 612 3097 additum,
625 3031 671 3085 sed
720 3049 790 3083 man.
800 3029 932 3098 poeticus,
944 3028 988 3095 qui
998 3048 1064 3097 saepe
1073 3035 1151 3081 rivum
1160 3048 1230 3095 aqua

159 3107 275 3161 omnino
286 3107 319 3160 ad
332 3117 453 3160 naturam
462 3126 593 3160 anserum.
602 3108 670 3161 Vide
720 3105 796 3171 dicit,
806 3105 925 3171 ubirrpas
933 3117 1116 3175 exspectasses,
1126 3103 1230 3173 utapud

158 3182 294 3251 ad'VllI,
307 3185 364 3250 684.
721 3180 855 3236 Tibullum
869 3222 877 3249 ,
894 3182 928 3248 l,
947 3198 976 3247 1,
995 3184 1033 3234 28.
1051 3183 1136 3235 Licuit
1149 3183 1229 3233 etiarn

190 3262 383 3332 doostonsem
395 3275 442 3318 etc.
457 3266 520 3318 Post
532 3264 602 3317 hunc
612 3283 673 3316 ver-
720 3260 831 3329 Virgilio
844 3299 852 3326 ,
871 3260 969 3330 Georg.
981 3261 1008 3313 ll
1022 3299 1029 3324 ,
1049 3260 1113 3325 itio,
1126 3258 1228 3315 dicere,

155 3358 220 3395 snm
230 3340 320 3410 plures
332 3346 342 3408 (
353 3355 379 3395 et
390 3355 479 3396 noster
488 3341 616 3411 RegiusB
629 3360 674 3394 so-
725 3336 988 3403 Teileslunditlrumo
997 3343 1104 3398 uictum,
1118 3333 1160 3385 uti
1171 3329 1230 3382 vide

155 3418 217 3485 lus,
229 3427 257 3471 et
270 3418 340 3472 iuter
352 3421 451 3488 lineas)
465 3421 627 3489 subjungunt
638 3418 674 3469 is·
721 3417 811 3488 Heyn.
821 3416 896 3469 Idem
908 3414 1005 3483 Georg.
1016 3412 1065 3478 ll',
1076 3414 1133 3477 457,
1139 3407 1231 3496 supere

155 3506 237 3562 tum,
253 3499 365 3550 Gaetula
376 3518 423 3551 nec
435 3503 532 3552 Procne
545 3499 673 3548 stertentia
716 3490 879 3558 perflamine
895 3509 962 3559 pro,
985 3491 1012 3540 iu
1032 3489 1089 3556 ripa
1108 3486 1232 3537 ssumrms.

150 3583 277 3641 pectora,
294 3583 342 3640 aut
355 3593 473 3641 corpora,
492 3577 588 3625 mulcet.
604 3572 673 3623 Pes·
721 3572 873 3636 Raeaussaepe
882 3579 920 3621 est
927 3567 1028 3626 alveus;
1038 3563 1177 3626 Horatius,
1187 3560 1229 3626 ll,

154 3649 235 3705 eime-
255 3650 338 3705 Recte
357 3652 484 3704 Heinsius
497 3689 504 3715 ,
518 3651 538 3701 si
554 3648 671 3714 mulcet,
720 3644 775 3699 Od.
787 3660 837 3710 ιιι,
857 3664 901 3711 ιι,
919 3647 1020 3696 laborat
1034 3643 1137 3712 &nepita
1144 3638 1230 3705 sugat

155 3726 266 3795 inquit,
280 3729 383 3781 Procne
401 3727 536 3781 stertentia
552 3735 671 3795 pectora,
719 3727 844 3790 trepr'dare
856 3727 924 3785 rivo,·
945 3721 974 3784 l,
990 3720 1039 3787 Ep.
1055 3735 1090 3782 x,
1105 3737 1132 3769 ar
1144 3756 1151 3784 ,
1165 3737 1232 3786 aqua

156 3806 228 3863 nihil
240 3826 324 3860 causo
337 3818 393 3876 est,
408 3827 454 3861 eur
464 3807 524 3858 hinc
532 3804 673 3872 ablegetur.
717 3818 875 3870 perpropere
887 3804 1057 3864 trepe'datcun
1063 3803 1232 3850 murmureti-

156 3886 338 3949 -Conn‘cia‚
356 3903 439 3939 voces.
451 3885 532 3940 Notat
543 3882 673 3935 Burman·
721 3899 784 3932 rem.
795 3905 829 3917 -
839 3878 996 3942 Crepr'tantes
1007 3879 1103 3944 lapilli,
1118 3894 1232 3944 quorum
