2708 5094
139 715 204 782 360
407 716 445 780 P.
478 715 662 782 OVIDII
694 710 921 783 NASONIS

139 856 261 928 Ultima
281 856 337 955 qui
355 855 463 956 cepit,
482 853 736 956 detrectavitque
755 857 867 930 surore

142 970 295 1044 Militiam
313 972 390 1045 licto
410 1002 417 1044 ε
438 972 540 1045 donec
556 970 721 1047 sollertior
738 972 824 1060 isto,

141 1085 204 1159 Sed
221 1087 285 1160 sibi
302 1087 471 1174 inutilior,
489 1088 595 1163 timidi
614 1104 796 1162 commenta
813 1084 932 1160 retexit

43 1218 45 1223 '
139 1203 340 1305 Naupliades
355 1206 474 1294 animi,
492 1207 656 1307 uitamque
673 1205 772 1279 traxit
787 1204 822 1275 in
839 1204 957 1277 arma?

142 1319 278 1418 Optima
296 1349 383 1394 nune
400 1337 524 1407 sumat,
546 1320 603 1420 qui
620 1346 745 1394 sumere
763 1316 875 1390 noluit
890 1314 982 1390 ulla:
1174 1336 1206 1404 4ο

140 1437 211 1509 Nos
229 1437 439 1525 inhonorati,
459 1457 491 1512 et
505 1437 601 1511 donis
620 1433 824 1536 patruelibus
841 1431 936 1520 orbi,

142 1554 338 1628 Obtulimus
352 1556 409 1655 qui
429 1584 493 1629 nos
510 1553 549 1628 ad
567 1555 673 1655 prima
690 1550 850 1652 pericula,
868 1550 1000 1647 simus..

141 1672 252 1771 Atque
268 1671 393 1745 utinam
410 1689 468 1745 331
485 1700 581 1745 verus
594 1672 688 1744 furor
702 1668 777 1756 illc,
793 1686 850 1742 aut
867 1666 1014 1741 creditus
1028 1682 1132 1754 esset3

141 1787 209 1859 Nec
228 1815 336 1860 comes
355 1787 408 1860 hic
427 1787 587 1888 Phrygias
605 1814 751 1887 unquam
768 1785 910 1858 venisset
927 1783 968 1856 ad
987 1810 1075 1859 arces

143 1905 305 1978 Hortatur
322 1903 500 1978 scelerum!
517 1933 585 1977 non
603 1922 652 1990 te,
670 1903 820 1977 Poeautia
840 1900 969 2002 proles,
1172 1920 1206 1987 45

145 2093 233 2138 uersus
257 2074 386 2140 Troianos
415 2073 649 2142 proficisceretur3
702 2077 804 2141 Optima
813 2093 879 2126 nuuc
887 2080 973 2125 suunt
982 2080 1032 2127 ete.
1042 2069 1138 2140 quibus
1148 2088 1208 2124 rer-

147 2152 297 2216 Homerus‚
314 2149 367 2202 Od.
378 2161 418 2213 u,
438 2169 491 2221 ¹¹9·
503 2149 592 2215 ldem,
604 2150 650 2203 sed
698 2152 737 2204 bis
749 2150 934 2219 indignitasrei
946 2168 1036 2203 rursus
1045 2148 1205 2217 exprimitur.

145 2228 299 2291 obscurius,
323 2227 411 2298 Ulyssi
438 2228 560 2296 objicitur
582 2228 650 2297 apud
698 2226 910 2280 -Florentiu.S.
919 2226 1003 2280 Marci
1012 2223 1205 2279 hulsetum·

147 2305 280 2373 Quintum
302 2303 404 2358 Calabr.
429 2306 482 2377 ¹9³·
499 2305 552 2359 Sed
565 2315 651 2360 totum
698 2317 764 2367 mat,
779 2328 827 2376 per
837 2307 1205 2376 interrogationem-Inde

144 2380 195 2434 icoc
212 2382 301 2450 tragici
318 2392 375 2451 post
396 2383 545 2436 Homerum
561 2383 650 2437 sture-
698 2389 794 2442 uoratt',
807 2383 880 2436 nullu
892 2381 1207 2451 pmmioaetteeetaeAt
1216 2414 1226 2433 a

144 2469 231 2522 runt,
254 2470 380 2512 monente
400 2460 479 2511 etiam
500 2459 651 2526 Cicerone,
694 2467 974 2531 pn'arapm'culapro,
993 2459 1119 2529 primisd
1133 2460 1203 2530 peri-

146 2534 225 2589 0tttc.
236 2536 294 2599 lll,
308 2537 352 2599 26,
364 2537 406 2589 ubi
419 2536 451 2589 de
462 2537 597 2590 honestate
606 2537 652 2589 hu·
699 2538 772 2603 3313,
786 2550 814 2591 31
827 2559 894 2592 vers.
909 2539 960 2604 35,
975 2542 1067 2591 attin
1082 2543 1130 2607 με·
1143 2540 1205 2607 cepit

147 2614 189 2681 jus
207 2613 306 2666 consilii
320 2613 441 2682 disputat.
459 2614 561 2668 lbidem
576 2614 653 2666 babes
700 2635 763 2686 pro,
776 2617 890 2670 ultimus.

146 2689 196 2744 hoc
215 2691 285 2743 idem
303 2692 403 2744 crimen
421 2710 435 2744 a
455 2703 531 2761 poeta
545 2693 653 2760 antiquo
732 2695 772 2758 43.
785 2696 864 2746 Furor
872 2697 933 2757 itte,·
944 2710 1013 2744 uuus
1026 2688 1203 2758 Heinaiifem

146 2777 294 2821 tractatum.
305 2796 339 2809 ·-
351 2770 494 2825 sollertior,
516 2767 652 2828 callidior;
700 2773 754 2829 itti,
772 2769 842 2839 quod
858 2789 913 2822 non
931 2770 1065 2839 improbat
1078 2770 1202 2823 Burm-

150 2845 268 2913 Quintus
287 2845 375 2899 catab.
392 2865 454 2916 199,
471 2850 492 2904 a,
505 2849 543 2898 rio
557 2849 655 2920 piprrpn
701 2865 766 2911 nus,
781 2846 861 2898 modo
872 2845 1015 2913 distinguas
1027 2844 1201 2914 postferte·-

147 2929 196 2979 tm
208 2934 250 2999 pig
268 2934 307 2979 καὶ
320 2928 405 2998 inp-ponc
419 2932 538 2999 11311-
549 2924 659 2975 Sedse'dr‘
702 2927 757 2977 Nec
764 2933 899 2976 comesetc.
909 2922 1006 2990 Quint.
1015 2922 1136 2989 Calaber,
1144 2923 1200 2995 19⁴,

148 3011 196 3054 etc.
203 3003 313 3055 sednon
323 3002 371 3055 nisi
381 2998 653 3053 uuusLeidens.unde
703 3004 734 3060 ὥς
744 3010 776 3067 μὴ
791 3007 881 3073 ὤμιλις
896 3004 993 3055 tutaret.
1011 3000 1086 3053 Tum
1102 2999 1202 3065 eaden,

148 3081 240 3132 sumsit
251 3080 391 3143 Heinsius,
406 3078 450 3145 qui
460 3077 532 3128 malit
544 3080 594 3140 At,·
604 3095 654 3128 ca-
703 3098 761 3146 qure
777 3078 837 3142 hic,
857 3077 974 3146 exempla
992 3097 1203 3132 commemoren-

148 3157 198 3209 teri
212 3155 224 3225 (
237 3166 263 3209 et
276 3155 351 3223 Regii
363 3155 485 3217 codices)
500 3156 543 3206 Et.
557 3182 589 3193 -
602 3156 659 3207 Sibi
703 3165 761 3218 tur,
779 3153 929 3208 Philoctetae
944 3166 971 3207 et
985 3155 1151 3221 Palamedis,
1163 3152 1203 3209 sed

148 3237 273 3286 mutilent.
291 3250 345 3285 sure
357 3231 431 3284 saluti
451 3231 537 3284 minus
554 3250 655 3284 consu-
703 3232 772 3301 justo
793 3232 918 3297 brevius,
939 3242 967 3285 et
988 3233 1045 3286 siue
1070 3232 1202 3287 affectuum

149 3309 221 3370 lens;
235 3309 292 3361 ride
304 3308 471 3381 3313359-
483 3312 622 3377 Wtataque.
633 3347 656 3361 ..
703 3310 929 3363 commotione—
940 3312 1065 3363 Hortatur
1074 3314 1200 3371 scelena,

148 3395 175 3439 r'u
182 3404 270 3445 arma:
286 3387 391 3455 plurimi
394 3390 529 3456 jurataque
535 3393 615 3441 traxit
621 3392 660 3440 ad
704 3386 810 3457 Ulysses
817 3425 823 3451 ,
831 3406 862 3438 ex
873 3386 965 3455 Virgil.
974 3386 1039 3439 AEn.
1047 3389 1106 3454 Vl,
1116 3392 1205 3460 529.-

149 3482 238 3525 arum
250 3462 303 3514 duo
314 3468 446 3530 tuet'taquc.
464 3465 537 3532 Regii
555 3464 656 3518 codices
703 3465 915 3531 Poeantiaproles,
930 3464 1205 3531 Philocteta,l’tuantit

150 3544 318 3609 vitataque
332 3544 370 3593 ad
377 3559 465 3606 arma,·
481 3543 557 3596 lectio
566 3545 656 3611 J’rtrata
704 3542 786 3606 silius,
799 3542 902 3608 sagittas
912 3543 943 3594 ab
954 3542 1071 3595 Hercule
1079 3550 1206 3613 acceperet

150 3619 255 3673 videtur
266 3620 431 3686 emendatio,
445 3632 554 3691 ortaque
566 3641 580 3673 e
594 3623 656 3674 vitio
705 3620 783 3690 (IX,
798 3624 844 3673 333
857 3620 883 3684 ),
899 3619 992 3687 quibus
1004 3620 1147 3674 instructus
1162 3621 1207 3673 iu-

150 3698 284 3768 scripturae
298 3697 392 3750 codicis
410 3698 534 3766 alicujus,
555 3700 582 3752 in
603 3719 656 3767 quo
705 3697 794 3751 tersuit
803 3697 870 3750 bello
879 3698 1004 3764 Trojano.
1014 3697 1068 3750 Sed
1078 3698 1106 3749 in
1118 3698 1207 3751 itinere

148 3781 232 3828 uitata
246 3785 303 3828 erat
317 3775 441 3843 seriptum
455 3814 462 3841 ,
482 3776 555 3829 litera
567 3776 657 3829 tmale
705 3796 735 3830 ex
746 3777 844 3830 colubri
854 3796 940 3829 morsu
949 3778 975 3828 in
987 3778 1115 3831 insaniam
1124 3798 1208 3833 versus

151 3853 263 3908 formata
273 3853 336 3916 misi
346 3854 425 3907 etiam
433 3863 490 3906 orta
500 3854 532 3906 sit
542 3874 555 3906 e
564 3853 657 3907 fabulae
705 3859 733 3911 iu
746 3857 828 3910 insula
839 3856 940 3909 lemno
952 3879 966 3910 3
978 3856 1078 3911 Graecis
1091 3869 1130 3911 est
1145 3858 1208 3912 reli-

152 3933 253 4004 Hygini
272 3932 362 3985 ultima
378 3932 463 4002 phrasi
477 3933 656 4001 supracitata:
705 3949 768 3990 ctus.
781 3938 868 4006 Hujus
883 3938 920 3991 rei
932 3938 1035 4006 culpam
1048 3937 1076 3991 iu
1090 3939 1209 4010 Ulyssem

149 4015 309 4064 srmulatr'oue
319 4015 447 4079 deposita,
463 4011 657 4076 interconjura-
705 4015 807 4070 confert
826 4017 897 4083 Aiax.
917 4017 1125 4084 Agamemnonis
1143 4018 1209 4084 juu-

151 4099 191 4140 tos
203 4095 268 4143 vent.
284 4089 422 4158 Quidquid
437 4089 486 4155 sit,
505 4107 560 4140 non
575 4088 657 4158 placet
705 4094 802 4148 lactum
814 4114 868 4146 esse
881 4094 960 4146 trudit
975 4095 1117 4164 Hyginus,
1134 4092 1210 4148 tabat

152 4162 659 4237 111311333133333333331333331333133
709 4191 776 4234 roa;
795 4171 851 4224 sine
872 4170 952 4223 dubio
972 4182 1087 4224 suaserat
1107 4172 1209 4244 Ulysset

152 4243 180 4290 in
188 4260 273 4305 arma,
290 4264 325 4298 vs.
339 4250 377 4298 50.
390 4247 502 4297 Ede-Ia
514 4264 586 4297 arma
597 4249 607 4312 (
617 4246 657 4300 vel
707 4248 915 4315 Agamemnoni,
925 4259 952 4300 ut
961 4249 1072 4317 juberet.
1079 4249 1141 4302 Jam
1151 4246 1210 4317 quid

153 4320 191 4367 ed
198 4318 287 4388 arma)
302 4326 413 4385 tradere,
431 4342 537 4385 vocare,
556 4329 653 4387 33333,
706 4325 734 4377 in
750 4324 798 4377 hac
814 4325 897 4378 insula
913 4346 960 4394 per
977 4327 1112 4397 integrum
1132 4344 1210 4396 prope

152 4400 247 4448 mittere
257 4412 346 4453 amaut
359 4412 451 4470 poete.
463 4430 497 4442 -
509 4399 658 4455 Commode
707 4401 864 4456 decennium
884 4404 1031 4472 peregerit,
1049 4415 1210 4474 quantosque

153 4472 181 4526 iu
190 4492 329 4528 remsuam
337 4479 657 4548 utiturillasimulatioue,
706 4480 834 4535 cruciatus
854 4481 1013 4549 pertulerit,
1037 4481 1153 4536 breviter
1172 4480 1211 4532 lrie
