2760 4710
167 402 234 474 διδ
439 406 479 472 Ρ.
512 403 689 473 OVIDII
714 404 941 476 NASONIS

165 548 216 618 Er
233 542 305 616 aliis
322 539 401 617 alias
415 563 547 645 reparat
563 561 680 643 natura
695 544 828 639 figurat

163 661 230 734 Nee
246 660 333 760 perit
348 660 382 732 in
402 676 494 733 tanto
513 661 709 760 quicquam,
725 661 807 733 mihi
823 658 968 745 credite,
987 659 1140 748 mundo;

163 774 229 848 Sed
245 775 367 863 variat,
384 775 565 876 faciemque
583 793 707 849 novat:
723 776 878 875 nascique
894 792 1038 849 vocatur
1146 802 1149 806 ·
1188 794 1231 848 πεί

160 891 310 990 incipere
327 919 398 965 esse
417 890 525 980 aliud,
544 920 643 992 quam
661 892 751 992 quod
767 890 831 964 suit
847 909 947 978 ante;
963 890 1127 991 morique

160 1006 318 1080 Desinere
332 1005 416 1079 illud
434 1006 542 1093 idem,
561 1035 664 1106 quum
681 1008 748 1079 sint
766 1007 832 1080 hue
849 1006 993 1080 forsitan
1008 1004 1091 1094 illa,

83 1121 85 1125 ¹
160 1125 240 1199 Hac
258 1124 413 1199 translata
429 1124 508 1198 illuc
526 1152 535 1197 :
554 1152 681 1198 summa
698 1142 806 1198 tamen
823 1124 934 1198 omnia
951 1141 1129 1198 constant

210 1272 228 1302 »
245 1237 301 1311 Nil
317 1238 470 1339 equidem
486 1237 602 1311 durare
619 1237 676 1311 diu
694 1238 757 1312 sub
773 1237 915 1333 imagine
931 1237 1054 1311 eadem

159 1355 365 1430 Crediderim
383 1384 390 1426 :
409 1354 456 1428 sie
474 1355 517 1427 ad
529 1353 652 1428 serrum
665 1354 801 1428 venistis
815 1356 858 1427 ab
875 1383 958 1427 auro
1188 1375 1231 1426 sos

159 1467 301 1543 Secula:
319 1467 365 1543 sic
384 1468 484 1541 toties
500 1496 592 1542 versa
610 1485 662 1542 est
674 1465 807 1540 fortuna
824 1465 989 1540 locorum.

155 1583 237 1656 Vidi
253 1612 334 1678 ego,
354 1583 445 1684 quod
460 1582 569 1656 suerat
586 1581 753 1684 quondam
773 1581 977 1656 solidissima
998 1581 1124 1673 tellus,

155 1701 239 1775 Esse
255 1701 396 1772 fretum:
412 1698 478 1770 vidi
495 1697 596 1771 laetas
613 1727 652 1771 ex
669 1726 800 1798 aequore
816 1682 942 1785 terras3

156 1818 201 1888 Et
216 1812 334 1916 procul
351 1842 369 1886 a
384 1812 501 1912 pelago
518 1814 651 1886 conche
665 1814 792 1911 jacuere
809 1813 962 1900 marinae,

153 1934 200 2004 Et
217 1948 310 2003 vetus
327 1930 458 2002 inventa
476 1929 575 2004 estin
593 1930 764 2003 montibus
784 1958 903 2005 ancora
920 1931 1075 2005 summis
1093 1962 1103 2005 :
1184 1955 1229 2006 sss

155 2034 325 2146 Quodque
344 2044 408 2118 snit
426 2073 581 2146 campus,
599 2043 716 2118 vallem
734 2045 889 2118 decursus
904 2073 1078 2144 aquarum

153 2162 264 2248 Fecit3
282 2179 315 2234 et
331 2159 433 2234 eluvie
449 2189 546 2234 mons
561 2176 612 2234 est
628 2159 787 2232 deductus
802 2160 839 2231 in
856 2188 989 2259 aequor3

154 2279 249 2377 Eque
264 2274 426 2377 paludosa
443 2276 537 2350 siccis
553 2274 675 2348 humus
693 2294 764 2349 aret
779 2277 908 2349 arenis:

156 2395 307 2494 Quaque
325 2393 416 2466 sitim
433 2390 598 2480 tulerant,
614 2408 765 2486 stagnata
781 2390 960 2493 paludibus
978 2393 1143 2471 hument.

157 2509 222 2582 llio
239 2508 349 2583 sontes
364 2525 482 2580 natura
500 2534 605 2579 novos
622 2506 751 2593 emisit,
768 2523 803 2580 at
818 2506 885 2579 illie
1186 2544 1229 2600 ¹7·

157 2622 306 2708 Clausit,
324 2640 357 2696 et
372 2621 500 2722 antiqui
517 2637 583 2695 tam
600 2619 704 2695 multa
725 2622 922 2695 tremoribus
939 2623 1040 2698 orbis

153 2836 278 2890 cervara,
303 2826 470 2880 condensata.
487 2828 655 2894 -P'e'guras,
710 2826 741 2879 ad
754 2829 781 2891 l,
794 2827 1148 2893 41.-Siccisaretmnrt,
1163 2829 1226 2881 laets

153 2903 292 2955 elementa.
709 2915 748 2957 est
758 2905 836 2967 sicca,
847 2902 918 2955 arida
927 2940 934 2968 ‚
944 2921 1069 2958 arenosa.
1082 2907 1133 2960 His
1140 2926 1224 2959 exesse

185 2982 241 3044 254.
262 2982 315 3032 Nec
326 2986 394 3047 peri!
409 2988 437 3033 in
454 2990 533 3033 tanto.
549 2981 661 3034 Plurimi
709 2980 870 3051 respondent
880 2983 1035 3049 sequentia,
1046 2994 1226 3053 stamius·

153 3058 199 3122 (et
211 3055 291 3108 codex
302 3055 366 3123 fleg.
376 3057 399 3106 Α
409 3059 586 3124 )Necperit1'n
603 3066 662 3108 toto.
709 3062 809 3111 Inde'bns
819 3061 930 3120 hument,
941 3058 970 3110 in
982 3058 1113 3115 humidas
1124 3062 1225 3132 paludes

152 3133 248 3189 Nullus
263 3133 290 3184 in
308 3130 410 3183 mundo
425 3132 564 3199 interitus,
581 3150 661 3184 merae
709 3146 826 3205 sstaqna
837 3144 1017 3190 mutaeasune
1029 3135 1225 3193 Cumulatver-

152 3206 256 3265 tantum
268 3208 662 3262 translorrnationescttransla-
709 3211 764 3276 ba,
785 3221 814 3262 ut
836 3211 969 3278 inculcet,
990 3232 1076 3281 quam
1095 3218 1224 3269 mirabiles

152 3291 245 3345 tiones.
265 3289 296 3342 ld
318 3305 422 3355 qnoque
443 3288 615 3340 verissimum.
628 3315 661 3328 -
709 3287 761 3341 siut
773 3286 822 3341 illae
832 3288 1223 3360 mutationes—Epulum,

149 3369 343 3420 Smmaomm'a
350 3374 478 3424 constant,
489 3382 591 3416 summa
602 3384 662 3417 om·
708 3367 761 3420 scil.
771 3366 860 3421 humo.

152 3442 660 3512 uiumpartiumsempermaneteadem.
741 3445 1223 3514 numantini.Hactenusluitedi-

151 3521 267 3590 Scaliger
278 3519 379 3588 legebat
389 3538 496 3571 summu·
708 3533 766 3575 tum
777 3534 804 3576 et
812 3528 923 3590 antetnts
932 3530 1084 3580 tremoribus
1091 3533 1160 3580 orbis
1168 3531 1224 3582 Hs·

183 3604 241 3672 ²⁵9·
253 3603 301 3652 Nil
306 3603 419 3668 equidem
430 3602 519 3651 durare
529 3608 577 3652 etc.
585 3597 661 3650 Mul·
708 3606 776 3653 mma
789 3604 926 3667 prosiliunt
943 3601 1005 3665 (ita
1026 3603 1127 3657 habent
1148 3607 1224 3677 Regii

150 3686 189 3730 tes
198 3688 226 3730 et
238 3695 345 3747 magnas
354 3676 529 3729 revolutiones
536 3689 610 3743 passa
621 3687 660 3728 est
708 3677 765 3731 cod.
777 3681 795 3737 l.
813 3679 877 3731 Hac
887 3679 1015 3734 mendose
1023 3682 1124 3749 judicat
1137 3684 1224 3740 Hein-

152 3763 236 3816 terra;
255 3753 280 3805 id
294 3753 364 3822 quod
377 3764 403 3806 et
415 3753 493 3807 hodie
506 3753 660 3822 gravissimis
708 3754 775 3818 sius,
784 3755 921 3821 etconjicit
930 3764 1225 3826 etaetqeedaaestin·

151 3831 311 3896 argumentis
325 3830 422 3885 docent
435 3830 542 3901 geologi.
554 3858 586 3869 -
596 3832 660 3883 For·
707 3835 762 3884 lata
773 3834 918 3883 tremoribus
930 3840 1002 3886 orte's.
1017 3836 1072 3888 Pro
1081 3847 1136 3890 tm
1145 3844 1223 3892 nlla

150 3915 212 3957 tana
222 3909 348 3972 locamus,
364 3908 466 3961 habitus
479 3908 604 3960 locorum.
708 3905 827 3960 Sixisnus
837 3927 978 3972 concussa,
991 3930 1044 3964 non
1054 3913 1223 3983 improbante

183 3977 659 4051 266.canpmsecaoattem‚t1oein
708 3984 842 4050 Heinsio,
864 3987 907 4055 qui
931 3999 958 4040 et
981 3996 1108 4045 conuulsa
1123 3994 1220 4048 suadet.

151 4072 244 4124 campo
255 4055 317 4110 lecit
329 4072 448 4113 montem
461 4072 505 4113 ant
519 4062 658 4115 tumulum.
706 4062 876 4132 Burmannus
888 4077 1022 4134 putatum
1034 4077 1117 4126 multe
1127 4064 1220 4142 perii·

151 4134 225 4186 -tae
237 4151 334 4200 erm,
351 4134 506 4204 inpleturum
517 4156 657 4209 campum,
709 4140 915 4210 tenegationern
939 4146 1110 4214 capiendum
1129 4147 1218 4204 laesio
