2760 4710
320 343 843 412 METAMORPHOSEON
865 345 963 414 LIB.
989 347 1061 416 Xl.
1156 347 1221 416 265

155 456 289 536 Damna
304 486 367 532 suo
383 458 517 549 inseriae
535 450 697 532 exstincto
713 459 841 533 mittere
857 459 982 534 Phoco.

157 575 301 650 Induere
318 602 407 647 arma
423 573 530 662 viros,
548 573 758 675 violentaque
777 603 902 649 sumere
920 574 984 648 tela

157 692 230 766 Rex
244 690 343 791 jubet
360 690 517 776 OEtaeus,
534 718 608 763 cum
625 694 699 789 quis
715 688 814 764 simul
831 691 903 790 ipse
920 690 1057 792 parabat

159 807 212 879 lre
229 836 237 879 :
256 805 314 880 sed
334 804 503 906 Halcyone
521 807 643 905 conjux
661 806 764 880 exeita
782 805 928 880 tumultu

160 918 316 1008 Prosilit,
335 937 368 993 et
385 920 533 993 noudum
552 938 642 994 totos
659 939 773 995 ornata
789 920 947 1022 capillos,

159 1036 294 1135 Diajicit
309 1037 373 1109 ltos
390 1036 502 1136 ipsos;
520 1034 672 1137 colloque
688 1037 796 1112 inlusa
812 1038 938 1124 mariti,

160 1153 277 1226 Mittat
292 1171 331 1227 ut
346 1151 504 1226 auxilium
522 1153 592 1226 sine
610 1182 666 1241 se,
684 1155 859 1255 verbisque
876 1171 1046 1256 precatur,

158 1361 256 1424 Νενείε,
265 1358 416 1424 Psamatbe,
424 1358 504 1412 Nerei
513 1358 669 1428 filia,exqua
719 1360 750 1414 ad
763 1379 836 1414 arma
846 1361 1071 1416 concurrentium.
1084 1359 1189 1414 Prosilit
1198 1371 1228 1414 ut

160 1436 259 1492 AEacus
267 1436 389 1492 Phocum
398 1447 575 1506 genuerat—
585 1441 670 1492 Colli-
717 1438 870 1493 Semiramis
886 1438 954 1508 apud
967 1439 1117 1506 Valerium,
1131 1439 1185 1504 lX,
1197 1439 1226 1490 3:

159 1522 213 1584 511,
226 1515 341 1584 indicat,
353 1515 489 1569 existimat.
497 1517 601 1578 -Suo,
615 1516 670 1569 filio
717 1538 731 1562 «
745 1515 839 1584 Quum
851 1517 875 1570 ei
889 1517 957 1570 circa
967 1516 1068 1570 cultum
1080 1516 1170 1586 capitia
1181 1534 1227 1569 oc·

161 1611 219 1647 sno.
236 1594 299 1648 Non
315 1594 396 1666 igitur
415 1594 542 1647 assentior
559 1594 670 1648 Heinsio
718 1618 731 1644 s
744 1608 842 1666 cupatre
854 1599 1005 1651 nuntiatum
1017 1608 1100 1665 esset,
1113 1596 1229 1670 Babylo-

163 1676 260 1726 dme
274 1679 330 1736 sni,
349 1672 377 1726 id
390 1684 446 1738 est,
463 1672 560 1726 damna
576 1693 638 1739 sua,
654 1695 668 1728 e
718 1696 732 1721 »
745 1695 779 1728 na
787 1675 926 1742 defecisse,
941 1675 1022 1730 altera
1031 1686 1105 1746 parte
1112 1675 1227 1729 crinium

163 1750 241 1805 MSS
255 1750 388 1804 nonnullis
400 1752 583 1805 vetustioribus
597 1772 669 1821 prce-
719 1772 733 1798 s
747 1750 831 1804 adhuc
842 1752 935 1817 soluta,
945 1751 1064 1822 protinus
1073 1751 1105 1805 ad
1114 1771 1172 1806 eam
1183 1771 1229 1804 ex-

162 1829 412 1900 tamnu-Regios
422 1841 512 1884 noster
524 1830 615 1884 Codex
627 1833 668 1896 A,
719 1851 733 1875 o
746 1828 914 1899 pugnandam
933 1831 1049 1883 cucurrit
1063 1851 1070 1894 ;
1090 1849 1140 1885 nec
1156 1830 1229 1900 ptius

163 1910 325 1970 unusne·
334 1905 466 1972 CodexB,
475 1926 534 1968 sna,
548 1907 617 1976 quod
628 1907 670 1960 alii
720 1906 868 1960 »decorem
882 1908 1035 1977 capillorum
1049 1908 1076 1960 in
1089 1907 1226 1972 ordinem,

164 2001 274 2053 quoqne
282 1982 524 2053 bahent-Inserr'ee,
535 2003 606 2038 sacra
614 1982 671 2036 Diis
720 2005 734 2029 u
746 2002 824 2052 quam
842 1994 943 2037 tantam
957 1986 1051 2038 urbem
1066 1986 1095 2038 in
1108 1995 1229 2055 potesta-

164 2060 294 2115 Manibus
304 2060 432 2130 placandis
443 2061 524 2127 sacta,
538 2079 596 2129 qun
603 2078 671 2130 pro-
721 2083 734 2108 n
749 2072 802 2114 tem
817 2080 891 2115 suam
905 2062 1014 2133 redegit.
1024 2086 1077 2111 ν-
1091 2065 1168 2118 Totos
1179 2084 1227 2116 or-

165 2138 225 2209 prie
239 2138 361 2193 dicontur
371 2143 441 2191 mitti
451 2149 477 2191 et
485 2139 559 2205 serti.
576 2139 671 2207 Quum
719 2148 782 2191 nata
791 2142 905 2204 capellos.
917 2139 997 2193 Multi
1008 2140 1229 2199 temon—Nostri

165 2216 322 2272 matun
333 2229 419 2271 morte
429 2229 474 2272 aut
483 2219 577 2287 insigni
588 2219 673 2287 parri-
721 2215 797 2285 Regii
808 2225 882 2267 totos.
895 2243 928 2255 -
937 2217 1047 2283 Dissictt
1057 2218 1115 2270 libri
1127 2229 1229 2271 veteres

163 2297 232 2353 oid·
238 2296 309 2352 clade
315 2309 514 2368 compensatur,
524 2298 567 2351 Dii
579 2298 672 2351 dicun·
722 2292 855 2358 (etnostri
866 2292 1176 2363 Reginmagnaexpane
1186 2295 1230 2348 ha·

162 2388 212 2432 tur
220 2378 417 2433 interfectorem
427 2377 674 2431 autilladamnar'n-
720 2371 784 2424 bent
796 2392 802 2434 ;
816 2369 886 2438 quod
900 2369 1022 2423 nonnulli
1035 2373 1228 2440 approbarunt,

152 2453 243 2522 sen'aes
253 2462 348 2509 mittere
358 2454 511 2516 interlecto;
523 2456 616 2507 Horat
628 2455 671 2519 ll,
721 2449 800 2518 idque
814 2469 862 2519 pro
875 2452 988 2503 dissecat
1000 2448 1140 2505 voluerunt
1151 2469 1230 2503 usur-

160 2530 217 2588 Od.
229 2534 257 2600 l,
274 2554 326 2603 27,
345 2533 420 2586 Juno
436 2530 557 2585 victorum
574 2542 674 2600 nepotes
721 2541 812 2600 patum
826 2531 961 2599 :quinque
978 2532 1099 2593 dr'scutit;
1119 2539 1231 2597 quatuor·

161 2610 388 2679 Bettrlr'tt'aeserias
398 2616 533 2681 Juffurtllae.
721 2614 846 2679 dr'ssr'pat,·
859 2620 912 2663 tres
925 2613 1036 2662 discidit.
1053 2608 1106 2663 Sed
1122 2608 1154 2662 de
1167 2620 1230 2662 tur-

195 2690 253 2745 382.
268 2693 374 2744 Induere
388 2712 459 2744 arma
475 2697 543 2744 viros
558 2700 607 2744 etc.
622 2690 674 2743 Hic
722 2689 787 2742 batis
795 2689 911 2741 solemne
920 2707 974 2741 esse
981 2688 1098 2754 disjicere
1108 2687 1232 2757 exemplis

161 2785 270 2838 qnoque
282 2787 370 2821 mores
381 2788 441 2822 suos
456 2769 578 2821 amabiles
589 2776 675 2820 servat
723 2765 819 2821 docent
831 2766 956 2819 Heinsius
972 2777 999 2819 et
1014 2766 1232 2819 Burmannus.—

163 2843 250 2919 Ceyx.
262 2848 401 2909 -Arera,
421 2847 536 2915 galeam,
550 2845 673 2910 loricam,
722 2843 815 2912 Insnsa
828 2843 861 2896 de
878 2844 1058 2912 amplexante,
1072 2844 1151 2897 etiam
1168 2843 1232 2896 He-

163 2924 306 2999 tlypenm,
326 2945 385 2994 quae
397 2926 614 2978 vestimentorum
632 2924 675 2974 in·
723 2922 789 2974 roid.
803 2922 846 2986 11,
863 2922 903 2994 93.
916 2922 1043 2975 Similiter
1054 2921 1163 2989 adfusus
1175 2922 1232 2986 lX,

164 3010 239 3068 etat,
251 3005 396 3064 indnuntur,
409 3021 523 3070 namque
532 3001 612 3053 etiam
620 2999 676 3070 cly-
724 3001 780 3054 366.
792 3001 957 3055 Schirachius
967 3019 1031 3052 vero
1043 2999 1177 3066 defendit,
1191 3005 1234 3052 in-

167 3079 337 3150 peisloroaut
344 3099 412 3134 ansae
419 3079 675 3133 insertatursinistra.
714 3081 790 3149 fixa,
809 3088 837 3131 ut
848 3079 951 3147 elegans
965 3079 997 3132 sit
1010 3079 1098 3147 imago
1111 3077 1235 3130 ardenter

173 3158 253 3219 Tele,
273 3159 408 3229 gladium,
432 3158 535 3228 jacula,
555 3159 674 3226 sagittas,
724 3157 853 3228 petentis,
866 3167 893 3209 et
905 3156 1016 3209 amantis
1029 3155 1137 3210 fervide.
1155 3153 1235 3208 Certe

166 3235 264 3306 nuth·
274 3245 314 3290 ort
326 3236 599 3297 insertur-(Etcus,
616 3235 676 3303 quia
726 3237 771 3305 qui
782 3235 869 3289 divelli
881 3236 913 3288 ab
925 3236 1009 3305 aliqua
1022 3256 1050 3288 re
1064 3236 1175 3298 nolunt,
1188 3240 1234 3285 ἰπ-

166 3312 311 3368 Tnehinia
319 3316 403 3367 vicina
412 3315 483 3367 OEtae
492 3314 584 3367 monti.
597 3312 677 3365 Multi
716 3316 806 3383 finiet
819 3316 901 3382 aetfixi
909 3312 1144 3379 dicunturzinsusa
1153 3307 1236 3360 dede-

164 3390 243 3447 MSS
251 3396 377 3453 atterius,
387 3393 456 3462 quod
466 3391 677 3461 explicant,side·
726 3403 767 3446 rot
777 3392 902 3446 Ciolanus
911 3413 942 3445 ex
951 3394 1033 3445 tribus
1040 3414 1047 3455 ;
1055 3389 1141 3444 creteri
1148 3390 1236 3456 infixa.

163 3486 246 3523 mm
255 3470 437 3539 ,splendidum
447 3472 513 3522 :imo
523 3508 531 3536 ,
541 3469 585 3538 qui
595 3469 679 3522 ethe—
726 3470 839 3539 -Regii
851 3471 933 3522 nostri
943 3466 1237 3536 infusa-Disputatur,

163 3548 446 3614 mm,scit.eaetestem
453 3549 581 3615 originem
591 3545 677 3600 habet:
727 3565 760 3599 an
776 3557 846 3599 recte
862 3546 979 3611 dicatur,
997 3549 1093 3596 mittere
1105 3540 1238 3591 aurelium.

165 3624 229 3679 vide
241 3644 307 3678 vers.
321 3647 376 3694 27¹·
388 3628 431 3681 Sic
442 3627 521 3679 etiam
534 3644 599 3679 vers.
612 3626 677 3691 445,
728 3623 853 3677 Historici
862 3643 923 3676 sane
932 3621 1144 3675 dicuntantt‘le'a,
1154 3632 1236 3681 quum

141 3764 154 3779 .
166 3707 346 3775 er'dereuscapi
358 3706 443 3759 debet.
728 3701 813 3769 copias
833 3699 967 3752 auxiliares
988 3694 1104 3747 indicare
1126 3690 1236 3757 volunt,

202 3781 680 3855 384.Sedllalcyoncconjntetcllpta
727 3777 774 3830 aed
785 3788 868 3845 poete
877 3775 949 3828 licuit
957 3770 1116 3841 singularem
1125 3787 1172 3838 pro
1181 3769 1238 3837 plu-

166 3858 341 3930 hucingcnio
349 3863 470 3915 muliebri
479 3864 681 3913 :ecct'rr'etetci·
728 3854 775 3907 reli
785 3853 1089 3922 ponere-Animosque
1097 3857 1146 3900 ⁰²⁶·
1159 3847 1218 3916 qnia
1229 3887 1236 3913 s

167 3937 354 3992 taridicuutur
364 3940 408 4008 qui
420 3950 464 3991 aut
474 3938 556 3991 vocati
566 3949 610 3991 aut
620 3956 681 4006 per·
728 3932 751 3985 si
763 3930 837 4002 Ceyx
850 3934 878 3982 in
891 3930 935 3982 illo
947 3927 1089 3981 certamine
1105 3925 1238 3996 periisset,

168 4014 305 4067 terrefacti
315 4016 347 4068 de
356 4016 417 4069 sella
426 4035 471 4067 sua
480 4025 588 4083 repente
598 4013 681 4083 prosi·
731 4008 907 4063 amantissima
925 4007 982 4073 ejus
1001 4005 1097 4074 conjux
1115 4005 1239 4058 noluisset

168 4091 289 4146 liunt-
298 4096 426 4156 Tamuda,
443 4093 553 4162 strepitu
564 4093 682 4145 virorum
716 4110 719 4115 ·
731 4087 778 4157 ipsi
792 4096 921 4154 superstes
932 4103 985 4141 esse
996 4103 1003 4150 3
1017 4085 1077 4152 lll,
1090 4087 1153 4156 473,
1165 4086 1241 4136 Nunc
