2760 4710
442 312 848 382 aauumuuruu.
1116 319 1183 413 5⁶7

106 457 264 528 Extremo
284 477 341 523 rex
359 466 409 524 est
428 452 560 553 sapiens
576 454 687 526 Numa
701 452 975 555 Pythagorasque

156 560 301 647 Codice,
321 559 445 660 quique
464 558 529 633 suit
547 559 687 633 Virbius
703 558 930 660 Hippolytus,

108 672 194 745 Cum
214 668 367 767 Cipoque
385 668 493 761 Tages
508 684 609 741 vates.
630 668 723 741 Deus
740 666 816 742 inde
833 665 972 742 salutem
1137 695 1185 745 ιι5

157 776 229 849 Sub
248 791 400 875 serpente
418 773 526 847 latens
543 774 689 848 reddidit
706 793 745 848 ut
759 772 878 863 Latio,

108 885 236 980 Magno
252 899 302 957 est
320 881 353 954 in
370 880 510 982 populis
527 881 732 982 Epidaurius
749 882 873 982 hospes
887 883 1025 958 honore.

158 992 213 1064 Fit
228 990 334 1089 majus
351 1018 360 1062 ε
378 990 472 1063 Deus
488 1005 539 1061 esl
555 989 669 1062 Julius
686 989 770 1062 urbe
789 1016 848 1063 sua

110 1099 236 1186 Caesar,
254 1115 290 1170 at
304 1098 340 1169 in
357 1095 437 1169 caelo
455 1096 547 1170 sidus
565 1097 684 1184 micat3
705 1097 806 1196 inque
824 1095 936 1170 relicta

158 1208 335 1300 Augustus
353 1222 439 1278 terra
456 1222 585 1306 sceptra
599 1222 737 1306 patema
755 1223 853 1279 tenet.

109 1403 179 1476 Tot
193 1429 246 1476 res
263 1418 329 1474 tum
345 1400 451 1474 varias
466 1397 576 1473 vinclo
595 1399 804 1499 conjunxerit
819 1429 888 1473 uno

159 1511 209 1582 Ut
224 1507 382 1604 Pelignus
402 1505 492 1594 olor,
513 1507 650 1608 quaeris,
669 1507 796 1581 amice?
811 1504 911 1601 legas.

110 1619 179 1691 Ista
195 1614 257 1688 viri
275 1614 325 1688 vis
340 1642 459 1715 arsque
477 1644 485 1687 :
505 1615 660 1688 cadavera
676 1614 758 1688 nolo
773 1633 910 1716 poetas,

165 1723 405 1799 Grammaticus
421 1740 533 1823 parles
551 1751 624 1823 quae
641 1739 728 1797 secet
744 1723 779 1794 in
796 1722 941 1824 rapidas.

112 1834 183 1920 Tu,
200 1831 292 1906 dedit
309 1849 348 1904 ut
365 1858 455 1918 sese,
475 1848 585 1905 totum
600 1830 731 1931 accipe3
750 1856 810 1902 nec
826 1828 910 1904 male
926 1828 1050 1903 rimans
1141 1851 1187 1902 ωε

158 1944 199 2014 ln
216 1943 349 2015 Nasone
366 1938 448 2011 mihi
467 1939 606 2040 quaerilo
625 1936 813 2032 Virgilium.
1035 1954 1038 1962 '

114 2051 192 2126 Nou
207 2075 273 2121 una
292 2064 343 2120 est
357 2045 455 2121 facies
472 2050 605 2120 Naturae
620 2075 628 2119 ε
646 2063 771 2133 mutat,
790 2044 940 2119 claudet

164 2153 343 2256 Quidque,
361 2182 421 2229 nec
440 2154 474 2226 in
492 2152 591 2228 solita
608 2152 748 2227 vertitur
764 2180 871 2255 usque
886 2153 948 2226 via.
