2760 4710
161 314 227 398 354
271 316 310 379 Ρ.
329 310 480 380 OVIDII
499 309 693 377 NASONIS
710 311 896 378 METAM.
921 312 1010 379 un.
1034 316 1118 381 ΧΠ.

158 451 249 527 Bella
268 468 376 525 movet
393 449 546 551 clypeus,
564 449 670 551 deque
683 451 784 525 armis
799 478 889 525 arma
904 450 1070 529 feruntur.

157 568 233 639 Non
247 595 284 639 ea
300 563 462 665 Tydides,
480 591 550 636 non
564 564 663 637 audet
680 563 798 639 Oileos
813 566 917 664 Ajax,

157 687 234 758 Non
250 683 359 756 minor
375 682 530 771 Atrides,
548 711 618 755 non
634 681 726 755 bello
742 684 850 781 major
866 702 900 758 et
914 711 1003 774 aero,

159 802 313 887 Poscere,
329 828 399 872 non
414 799 471 872 alii
488 827 495 870 :
512 796 574 874 soli
591 796 770 873 Telamone
787 818 898 874 creato

152 915 354 1014 Laertaque,
372 912 435 986 fuit
453 929 553 986 tantae
568 911 688 986 fiducia
705 911 826 989 laudis.

157 1030 190 1101 A
205 1058 238 1103 se
255 1029 444 1104 Tantalides
462 1059 548 1104 onus
561 1028 782 1130 invidiamque
796 1031 955 1117 removit,

160 1147 399 1248 Argolicosque
416 1146 516 1222 duces
531 1146 649 1222 mediis
664 1147 834 1223 considere
851 1148 967 1222 castris

155 1267 284 1354 tussit,
301 1284 335 1340 et
351 1264 525 1340 arbitrium
541 1265 611 1339 litis
628 1266 757 1364 trajecit
772 1267 808 1340 iu
823 1294 949 1340 omnes.

150 1485 241 1535 posses
254 1470 330 1518 etrum
346 1470 374 1516 ire
390 1469 509 1517 moriente
522 1473 663 1516 matreco-
702 1465 805 1533 fidncia
825 1464 910 1515 Iandr's
918 1461 978 1530 sus'!
990 1501 997 1522 ,
1022 1460 1140 1515 fidenter
1155 1461 1215 1516 insi·

151 1542 483 1609 gnoscere-Bellantem&
500 1538 663 1593 occasionem
711 1559 792 1610 gnem
803 1540 873 1593 illam
886 1540 997 1610 gloriam
1010 1538 1177 1611 adpetebant.

154 1619 252 1688 prabet
267 1616 663 1680 certamini.-Pro,certamen
745 1618 803 1671 526.
823 1619 992 1679 Tantalides,
1020 1617 1214 1687 Agamemnon,

153 1693 378 1763 initur,gravius,
392 1691 663 1763 armasemntur,quia
712 1695 787 1764 cujus
804 1705 877 1764 pater
896 1695 994 1749 Atreus
1013 1693 1085 1749 filius
1102 1695 1215 1765 Pelopis,

153 1773 233 1825 verbo
245 1769 335 1823 ludere
353 1769 443 1822 voluit.
581 1803 583 1807 >
713 1760 902 1841 nepos‘l‘antali
910 1768 1005 1824 tuerat
1016 1770 1042 1825 ls
1050 1809 1059 1837 ,
1068 1789 1153 1840 quntn
1159 1782 1216 1825 eut

184 1850 242 1902 623.
255 1851 311 1900 Non
324 1847 478 1913 Menelaus,
492 1848 566 1900 Atrei
576 1847 660 1914 filius,
712 1849 764 1902 dux
772 1849 911 1915 exercitus,
923 1848 1011 1903 noluit
1020 1850 1144 1904 alterutri
1154 1869 1215 1904 m

155 1937 218 1981 natu
226 1932 317 1983 metor.
331 1944 380 1980 nec
389 1928 575 1995 Agamemnon
583 1927 663 1981 scater
712 1926 878 1994 adjudicare,
892 1944 926 1979 ne
936 1929 1075 1987 riser'dsinis.
1091 1927 1214 1982 infantiam

151 2005 240 2072 major,
252 2015 348 2057 etero.
359 2014 422 2057 natu
432 2043 439 2070 ,
451 2005 526 2058 annis
535 2044 542 2071 ,
551 2015 577 2058 et
588 2009 660 2067 bello,
711 2015 738 2057 et
750 2003 856 2070 odium,
867 2003 914 2057 sibi
922 2004 1094 2072 conciliaret,
1106 2005 1152 2061 sed
1161 2010 1216 2059 ute

153 2083 213 2150 quia
226 2100 329 2134 summa
341 2081 401 2134 belli
411 2123 418 2148 ,
429 2081 570 2151 imperium
583 2102 663 2152 penes
710 2087 783 2134 trium
793 2085 848 2134 Istis
859 2081 999 2149 trajecisse
1009 2101 1113 2147 onnes,
1127 2082 1213 2149 voluit,

153 2179 223 2214 eum.
241 2160 306 2213 Erat
318 2179 363 2212 sex
377 2180 479 2227 regum,
498 2166 556 2229 ἄναξ
568 2162 663 2232 disputo.
711 2168 739 2211 ut
752 2177 845 2212 omnes
856 2159 926 2211 illam
942 2177 1049 2213 causam
1066 2181 1100 2214 en
1112 2180 1183 2231 aquo
1192 2170 1214 2215 et

152 2241 257 2306 Regno.
273 2237 344 2306 quod
356 2237 453 2290 habent
465 2249 577 2306 quatuor
588 2236 661 2290 MSS
709 2235 798 2302 bono,
811 2255 858 2305 pro
867 2236 968 2289 meritis
975 2238 1215 2309 utriusquejnditt-

152 2336 200 2387 pro
211 2319 292 2376 bello,
307 2325 333 2368 et
345 2315 415 2384 qrrod
428 2315 511 2385 placet
523 2315 662 2368 Burman-
710 2323 770 2367 rent
779 2335 785 2377 ;
795 2332 834 2382 ap.
842 2315 923 2366 Hom.
931 2312 986 2367 od.
994 2317 1212 2387 A,54li,'l’rojni,

152 2408 189 2449 no
207 2415 261 2466 prce
281 2394 376 2461 altero,
394 2394 468 2447 fluxit
483 2415 513 2447 ex
526 2394 661 2462 interpre-
709 2400 737 2443 et
747 2390 831 2444 Pallas
841 2390 959 2459 judicant
970 2390 1005 2444 de
1017 2392 1212 2449 armisnetutrs

152 2475 260 2529 tatione.
275 2473 349 2527 Solet
367 2491 430 2525 vero
448 2473 544 2525 Noster
564 2470 661 2538 hujus·
710 2468 754 2522 Sic
765 2479 791 2522 et
804 2468 921 2536 Quintus
933 2468 1033 2536 Calv,
1048 2472 1099 2539 134
1109 2470 1212 2541 :quani

153 2555 225 2607 modi
237 2554 367 2607 vocabulis
378 2570 492 2620 quorum
505 2551 541 2602 vis
554 2569 600 2603 usu
613 2547 662 2602 de·
709 2549 781 2602 addit
797 2589 804 2614 ,
824 2550 933 2616 Ajacem
945 2561 972 2602 et
983 2550 1114 2622 Ulyssem
1126 2552 1212 2623 inclines

153 2632 226 2685 finita
239 2646 293 2695 est,
311 2629 407 2698 aliquid
421 2627 531 2696 amplius
546 2627 660 2691 addere,
709 2625 755 2677 sibi
776 2626 919 2695 poposcisse
939 2625 1106 2696 Idomenea,
1123 2630 1212 2685 Nesto·

153 2710 182 2774 l,
204 2712 267 2775 750,
288 2713 382 2761 anemis
401 2709 505 2773 equalis
525 2716 551 2757 e!
568 2712 660 2772 annm
708 2721 765 2755 rem
777 2714 803 2755 et
815 2703 1068 2773 Agamemnonem,
1090 2708 1136 2763 sed
1154 2708 1209 2773 laur,

152 2788 221 2839 vttl
231 2826 238 2850 ,
250 2787 316 2851 517,
331 2789 415 2836 animo
431 2794 543 2835 maturus
560 2793 586 2835 et
601 2804 659 2836 ero.
708 2790 738 2833 ut
757 2780 881 2833 invidiam
893 2800 907 2833 a
919 2802 946 2834 se
958 2782 1127 2850 derivarent,
1144 2784 1209 2855 judi-

151 2864 459 2929 -aiols'creatoprosolis
470 2865 569 2920 creatas,
582 2871 659 2928 atque
708 2860 777 2911 cium
796 2878 810 2910 a
832 2880 859 2912 se
881 2871 1018 2915 remotum
1041 2863 1160 2920 detulisse
1179 2860 1207 2916 ad

152 2941 186 2990 ita
197 2939 302 3001 rescribi
320 2938 401 2991 voluit
421 2938 564 3003 Heinsius,
584 2948 660 2989 tante
708 2936 843 3006 Troianos.
852 2948 879 2991 et
892 2939 1006 2992 Pallada.
