2760 4710
539 368 724 436 INDEX·
1101 370 1162 434 561

235 536 361 589 LtBElt
382 536 469 589 Xlll.
657 529 766 583 Hersilia
779 567 786 593 ‚
806 531 910 583 Romuli
931 553 1013 597 uror,
1037 532 1065 584 in
1086 534 1170 587 Deam

691 608 795 663 lloram.

99 692 164 765 hias
176 692 203 744 in
216 691 380 766 hyacinthum
393 688 489 743 florem.
806 712 930 766 LIBER
945 715 1011 771 xv·

100 772 238 822 Armorum
250 768 355 822 Achillis
367 768 496 841 judicium.

101 848 185 919 iliacis
197 847 285 899 oratio.
662 845 759 900 Calculi
770 846 821 898 albi
833 846 860 899 in
872 845 966 918 nigros.

100 923 315 977 Artificiosissims
325 924 414 996 Ulysis
428 923 515 976 oratio.
661 925 748 977 Numa
761 924 793 977 ad
805 923 984 997 Pythagoram.

102 1002 207 1055 Hecuba
219 1003 245 1054 in
258 1022 354 1055 canem.
662 1000 814 1074 Pythagorae
827 1001 953 1073 dogmata.

102 1084 321 1158 Polydoricaedes.
664 1081 815 1154 Pythagora
825 1102 916 1136 sermo.

102 1160 241 1234 Polyxena*
254 1162 402 1215 immolatio.
663 1159 815 1233 Pythagoras
827 1161 1054 1235 metempsychosis.
1158 1222 1167 1235 ,

103 1240 283 1313 Polymestoris
302 1236 417 1293 Thracia
442 1241 508 1314 regis
533 1259 616 1295 escte-
664 1237 821 1311 Pythagoras
834 1238 861 1289 in
873 1239 1047 1311 Euphorbum.

139 1318 210 1370 catio.
667 1318 790 1370 Omnium
800 1338 883 1370 rerum
894 1320 1093 1378 vicissitudinem
1103 1347 1161 1385 esse.

105 1396 251 1448 Memnonis
263 1396 358 1448 cineres
370 1395 397 1446 in
410 1415 474 1449 aves.
666 1398 756 1448 Annus
769 1396 796 1448 in
806 1410 913 1467 quatuor
927 1413 1013 1471 partes.

105 1474 199 1526 AEneae
211 1474 239 1524 in
250 1474 350 1525 Latium
366 1474 502 1547 navigatio.
668 1473 784 1542 Quatuor
793 1473 905 1528 hominis
918 1490 1009 1531 aetates.

106 1554 169 1605 Anii
181 1552 258 1620 liliae,
277 1554 364 1606 omnia
378 1574 424 1606 suo
438 1568 505 1607 tactu
518 1556 546 1608 in
562 1557 620 1608 iru-
669 1552 775 1624 Sperma
787 1552 897 1605 hominis
909 1553 937 1605 in
948 1555 1088 1613 hominen.

139 1646 268 1698 mentum,
277 1634 381 1696 vinum,
393 1635 507 1687 oleumve
515 1655 620 1688 conver·
668 1631 705 1683 Es
718 1644 824 1702 quatuor
836 1632 965 1687 elementis
975 1637 1063 1689 omnia
1072 1636 1136 1695 fieri.

139 1724 235 1776 tentes,
250 1711 278 1762 iu
293 1711 428 1765 columbas.
669 1710 766 1762 Omnia
778 1711 805 1763 in
815 1725 922 1783 quatuor
933 1714 1056 1769 elementa
1065 1721 1164 1775 resolvi,

107 1790 168 1843 Duo
183 1790 284 1862 juvenes
297 1811 326 1841 es
335 1789 392 1863 rogi
403 1790 496 1843 favilla.
668 1789 748 1842 Terra
760 1789 787 1841 in
800 1810 876 1845 mare.

108 1869 187 1920 Index
200 1867 227 1919 in
239 1887 334 1920 saxum.
670 1870 743 1922 Mare
755 1870 782 1920 in
794 1884 893 1924 terram.

111 1945 207 1999 sicilie
218 1945 356 2018 descriptio.
670 1947 737 1999 Mira
751 1948 814 2019 Lyci
828 1946 940 2003 fluminis
953 1963 1049 2008 natura.

109 2024 199 2098 Scylla
209 2025 236 2076 in
249 2036 396 2077 monstrum.
670 2025 792 2078 Erasinus
805 2024 906 2083 fluvius.

111 2103 172 2155 Acis
185 2102 212 2155 in
225 2099 339 2155 fluvium.
671 2101 762 2155 Caicus
774 2101 874 2157 fluvius.

111 2180 262 2254 Polyphemi
275 2181 406 2232 cantilena.
671 2182 811 2233 Amasenus
823 2179 923 2236 fluvius.

112 2260 223 2314 Glaucus
236 2259 263 2310 in
277 2261 361 2312 Deum
372 2259 508 2311 marinum.
672 2259 783 2332 Anignss
795 2257 895 2312 fluvius.

671 2337 786 2410 Hypanis
798 2335 898 2391 fluvius.

252 2413 376 2467 LIBER
399 2414 479 2468 xlv.
673 2415 765 2468 lnsuloe
777 2415 805 2466 in
817 2416 995 2470 continentem.

672 2495 711 2546 Es
723 2495 862 2547 continenti
876 2496 971 2550 insulae.

114 2573 208 2646 Scylla
220 2572 327 2645 inguina
342 2573 368 2624 in
380 2592 461 2626 canes.
672 2572 759 2625 Helice
771 2572 888 2644 Buraque
900 2575 973 2629 urbes
985 2577 1126 2634 submersa.

114 2653 237 2725 Cercopes
251 2652 279 2703 in
292 2651 384 2705 simias.
674 2654 711 2705 Er
724 2651 827 2724 planitie
837 2667 942 2707 montes.

114 2732 215 2804 Sibylla
226 2732 253 2783 in
266 2752 362 2784 vocem.
674 2731 742 2783 Mira
755 2749 877 2801 aquarum
890 2745 987 2786 natura.

113 2813 185 2866 Socii
198 2810 286 2885 Ulyxis
298 2813 326 2864 in
340 2832 434 2885 porcos.
675 2809 775 2863 Crathis
787 2823 811 2862 et
821 2811 925 2882 Sybaris
937 2810 1018 2868 fluvii.

115 2890 187 2943 Socii
201 2890 290 2963 Ulyxis
301 2891 328 2941 in
341 2890 470 2962 pristinam
484 2888 599 2941 formam.
675 2889 825 2942 Salmacidis
837 2889 913 2942 sontis
925 2903 1021 2945 natura.

114 2969 190 3022 Picus
201 2968 228 3020 in
244 2987 323 3020 avem.
675 2966 816 3040 AEthiopiae
828 2968 902 3021 lacus.

115 3046 172 3099 Pici
183 3046 284 3099 comites
296 3045 324 3096 in
336 3046 407 3098 feras.
679 3046 778 3099 Clitorii
790 3045 864 3098 fluvii
877 3061 974 3102 natura.

62 3142 66 3147 '
117 3127 218 3180 Canem
230 3126 285 3178 Pici
296 3145 358 3177 uxor
369 3125 419 3178 loci
433 3145 535 3178 nomen.
675 3127 811 3197 Lyncestus
824 3122 923 3179 fluvius.

116 3204 250 3258 Diomedis
262 3204 324 3256 socii
337 3204 363 3254 in
376 3223 441 3256 aves.
676 3203 791 3256 Arcadia
802 3203 878 3257 lacus.

118 3284 231 3358 Appulus
242 3295 324 3355 pastos
337 3282 365 3333 in
377 3281 517 3334 oleastrum.
677 3285 785 3357 Ortygia
795 3285 878 3338 insula
886 3308 914 3339 ex
924 3285 1014 3338 mobili
1027 3285 1171 3338 immobilis.

117 3364 210 3416 AEneae
223 3382 297 3414 naves
311 3361 337 3413 in
351 3360 481 3434 nymphas.
678 3364 859 3437 Symplegades
872 3366 961 3418 insulae
975 3365 1036 3416 olim
1053 3364 1188 3419 instabiles.

117 3441 198 3495 Navis
210 3441 238 3492 in
250 3441 389 3513 scopulum.
676 3442 765 3494 AEtnae
777 3444 870 3495 montis
882 3441 1035 3494 incendium.

119 3521 203 3574 Ardea
215 3522 242 3574 in
253 3541 333 3574 avem.
677 3519 799 3572 Homines
813 3521 839 3571 in
851 3539 915 3572 aves.

118 3602 214 3654 AEneas
228 3601 255 3651 in
265 3599 351 3652 Deum
366 3600 510 3672 indigetem.
679 3598 803 3671 Scythicae
816 3595 932 3649 mulieres
944 3596 972 3647 in
985 3615 1050 3649 aves.

118 3679 213 3731 Albani
224 3698 303 3751 reges.
677 3677 744 3748 Apes
757 3695 786 3726 es
798 3673 890 3726 vitulis.

118 3759 273 3810 Vertumnus
286 3758 313 3808 in
326 3757 407 3809 varias
422 3754 520 3829 figuras.
679 3753 819 3806 Crahrones
831 3774 859 3805 ex
871 3754 949 3823 equis.

118 3833 272 3887 Vertumnus
284 3834 312 3885 in
324 3834 443 3887 vetulam.
679 3832 799 3903 Scorpius
812 3851 840 3882 ex
853 3851 950 3883 cancro.

117 3914 259 3965 Anaxarete
272 3913 356 3987 puella
368 3914 394 3965 in
405 3933 499 3967 saxum.
678 3912 766 3965 Tineae
779 3925 885 3984 agrestes
898 3913 925 3964 in
937 3912 1081 3986 papiliones.

119 3991 195 4043 Urbis
205 3990 293 4044 Romae
307 3993 456 4044 conditores.
679 3991 767 4043 Limus
783 3990 809 4041 in
821 4010 902 4043 ranas.

121 4071 203 4139 Aqua*
213 4069 314 4143 frigidae
326 4070 354 4121 in
367 4071 466 4124 calidas.
479 4064 488 4076 ’
679 4069 798 4122 Informis
811 4089 869 4121 caro
883 4069 909 4120 in
920 4088 1015 4122 ursum.

120 4145 242 4200 Romulus
254 4146 282 4199 in
293 4148 386 4202 Deum.
682 4151 748 4220 Apes
759 4146 814 4201 sine
826 4146 938 4220 pedibus.

240 4250 303 4319 IV
305 4301 313 4316 .
1009 4245 1054 4312 36
