2760 4710
300 342 826 418 METAMORPHOSEON
849 347 948 416 LIB.
974 348 1062 418 XV.

152 491 463 592 Flammiferumque
480 492 613 565 trahens
629 478 777 592 spatioso
794 488 899 564 limite
917 482 1040 566 crinem

154 607 256 683 Stella
272 608 390 695 micat,
408 608 544 709 natique
565 606 682 680 ridens
697 606 885 693 benefacta,
904 607 1026 683 latetur

152 726 236 797 Esse
252 724 320 798 suis
338 724 481 823 majora,
502 741 535 798 et
546 723 634 798 vinci
651 723 771 818 gaudet
788 723 830 798 ab
847 721 918 797 illo
964 786 967 792 .

154 838 219 911 Hic
237 867 295 911 sua
313 838 460 937 praelerri
479 864 677 939 quamquam
696 855 784 911 vetat
799 854 871 911 acta
887 838 1051 938 paternis,

153 956 274 1030 Libera
291 955 377 1028 sarna
393 972 521 1042 tamen,
539 953 708 1056 nullisque
726 954 874 1028 obnoxia
888 955 990 1053 jussis

152 1071 298 1145 Invitum
315 1072 467 1172 praefert,
485 1099 618 1173 unaque
635 1071 670 1146 in
688 1090 783 1174 parte
798 1088 972 1173 repugnat.

154 1184 208 1258 Sic
225 1186 337 1281 magni
353 1184 441 1260 cedit
457 1183 564 1261 titulis
580 1187 840 1281 Agamemnonis
858 1187 981 1260 Atreus
997 1215 1006 1259 ε

152 1300 256 1395 AEgea
273 1302 320 1377 sic
336 1302 506 1391 Theseus,
525 1304 573 1378 sic
592 1303 691 1378 Pelea
707 1304 808 1378 vincit
823 1301 982 1378 Achilles.

152 1414 307 1517 Denique
323 1434 362 1490 nt
379 1416 538 1519 exemplis
555 1418 648 1519 ipsos
662 1417 872 1521 aquantibus
889 1435 983 1505 utar,

154 1530 209 1603 Sic
229 1550 264 1606 et
281 1533 447 1609 Saturnus
463 1534 572 1609 minor
586 1552 638 1610 est
652 1537 736 1609 Jove
753 1565 761 1609 :
778 1535 937 1637 Iuppiter
949 1561 1040 1608 arces

152 1650 329 1750 Temperat
345 1652 515 1740 atherius,
533 1670 567 1726 et
583 1653 700 1727 mundi
715 1681 817 1751 regua
833 1652 993 1727 triformis
1007 1673 1017 1725 t

153 1769 183 1840 'I
185 1794 256 1841 erra
271 1769 334 1843 sub
350 1771 506 1866 Angusto
521 1801 530 1844 :
544 1788 640 1873 pater
657 1789 707 1846 est
722 1789 756 1845 et
771 1790 883 1848 rector
899 1789 1048 1873 uterque.
1171 1793 1223 1846 εσυ

203 1885 267 1972 Di,
283 1914 421 1986 precor,
439 1889 552 1962 AEneae
569 1889 725 1977 comites,
745 1889 870 1990 quibus
887 1888 995 1974 ensis,
1013 1907 1047 1963 et
1061 1888 1149 1985 ignis

156 2005 350 2091 Cesserunt,
369 2004 480 2105 Dique
495 2004 681 2102 Indigetes,
700 2008 918 2108 genitorque,
937 2007 1098 2102 Quirine,

156 2118 277 2205 Urbis,
296 2137 330 2192 et
347 2119 460 2193 invicti
477 2123 625 2217 genitor,
647 2123 804 2212 Gradive,
824 2123 980 2222 Quirini,

155 2240 323 2337 Vestaque
338 2237 506 2314 Cesareos
522 2241 609 2315 inter
624 2260 748 2317 sacrata
763 2242 924 2330 Penates,

155 2354 293 2425 Etcum
312 2353 457 2426 Cesarea
476 2369 531 2441 tn,
549 2355 675 2430 Pboebe
694 2355 893 2444 domestice,
908 2357 1026 2445 Vesta,
1173 2376 1223 2430 865

155 2469 291 2570 Quique
306 2488 399 2545 tenes
416 2467 504 2544 altus
520 2472 678 2573 Tarpeias
692 2475 850 2575 Iuppiter
867 2501 976 2561 arces,

157 2587 320 2687 Quosque
337 2584 420 2660 alios
438 2587 505 2660 vati
521 2588 571 2661 fas
588 2588 753 2690 adpellare
771 2590 948 2691 piumque;

187 2785 243 2856 849.
255 2784 489 2854 Mammisemmqne
502 2788 603 2840 trahens
615 2796 665 2841 etc.
746 2788 804 2860 859
820 2784 968 2853 Trifirmis,·
980 2784 1039 2838 vide
1052 2785 1084 2838 ad
1098 2784 1168 2852 XII,
1182 2787 1224 2852 40.

157 2861 317 2930 Suetonius,
328 2863 383 2916 Jut.
393 2864 459 2919 Ces.
470 2866 502 2919 88
511 2885 517 2919 :
527 2887 540 2912 a
550 2867 583 2921 In
590 2864 666 2919 Deo·
714 2865 847 2934 Expressit
859 2875 948 2918 autern
960 2864 1065 2918 Horatii
1078 2865 1179 2931 locum,
1192 2866 1223 2931 I,

157 2962 172 2988 u
187 2960 247 2994 rum
266 2961 410 2997 numerum
429 2945 525 3000 relatus
542 2956 596 3012 est,
609 2964 666 2998 non
715 2942 769 2997 0d.
787 2959 842 3007 xtr,
860 2945 908 2995 50:
921 2965 934 2988 α
949 2942 1017 2996 Orte
1029 2943 1164 3011 Saturno,
1177 2943 1225 2997 tibi

157 3040 173 3067 u
186 3039 231 3073 ore
252 3019 332 3074 modo
350 3022 567 3090 decernentium,
581 3024 627 3078 sed
639 3035 667 3078 et
715 3042 729 3069 s
742 3039 806 3075 cura
815 3021 904 3090 magni
918 3019 1097 3075 Cesarislatis
1108 3020 1182 3074 data:
1195 3031 1226 3074 tu

158 3098 353 3168 »persuasione
370 3101 448 3170 vulgi.
465 3102 603 3172 Siquidem
618 3101 667 3154 lu·
715 3121 729 3147 κ
741 3098 858 3153 secundo
867 3098 971 3154 Cessare
979 3119 1081 3170 regnes.
1089 3100 1129 3154 Te
1136 3100 1227 3153 minor

158 3180 666 3255 ³>dis,quosprirnoseiboeresAugustns
715 3178 826 3233 ’Imm
850 3189 924 3249 regei
942 3198 1032 3250 &qum
1052 3180 1165 3234 orbem}
1180 3180 1226 3232 ΤΙΙ

157 3280 174 3306 u
187 3259 298 3324 edebat,
312 3259 385 3312 stella
399 3260 491 3313 crinita
506 3282 554 3330 per
566 3275 666 3332 septem
715 3277 730 3303 υ
743 3257 813 3326 gravi
831 3276 913 3310 curru
927 3257 1027 3325 quaties
1040 3256 1197 3329 Olympum.
1211 3275 1224 3300 »

159 3339 245 3391 »dies
267 3339 406 3391 continuos
429 3337 521 3404 fulsit,
548 3341 667 3394 exoriens
717 3334 820 3389 Confer
832 3336 900 3390 Fast-
915 3337 943 3392 II
952 3377 961 3404 ,
977 3338 1031 3389 130.

159 3436 173 3462 κ
187 3416 253 3469 circa
265 3415 434 3469 undecimam
452 3415 544 3469 boram
557 3435 564 3468 :
576 3416 668 3469 credi·
747 3414 1014 3474 861.AEoeecomi!es‚
1028 3414 1151 3476 Penates,
1160 3429 1226 3481 quos

159 3516 174 3541 »
187 3506 296 3564 rumque
304 3506 357 3561 est,
371 3497 548 3550 animamesse
558 3495 668 3550 cesaris
714 3489 838 3544 incendio
844 3492 964 3561 Trojano
973 3500 1076 3558 ereptos
1083 3490 1110 3542 in
1119 3489 1224 3542 Latium

160 3595 174 3620 n
187 3573 214 3626 in
226 3574 318 3627 talum
329 3576 439 3643 recepti:
452 3586 478 3628 ει
488 3575 536 3629 hac
547 3575 580 3629 de
591 3595 668 3630 causa
716 3570 817 3625 advexit
835 3572 941 3625 AEneas.
960 3572 1001 3624 Ab
1019 3570 1059 3622 his
1074 3568 1169 3623 diversi
1183 3575 1226 3622 ἱπ-

160 3673 174 3698 »
187 3652 325 3706 simulacro
338 3654 395 3721 eius
411 3655 439 3707 in
453 3657 550 3709 vertice
563 3654 668 3708 additur
714 3652 830 3718 digeras,
860 3655 988 3725 ἱγχώριοι,
1008 3649 1036 3702 in
1056 3649 1150 3717 quibus
1170 3650 1225 3719 ipse

160 3751 174 3775 r·
187 3730 267 3783 stella.
276 3753 289 3777 »
303 3730 371 3784 Vide
383 3751 477 3800 supra,
493 3736 548 3804 749.
559 3735 609 3785 Ed.
715 3730 831 3795 AEneas;
846 3731 929 3797 xlv,
947 3731 1004 3785 808.
1020 3729 1163 3799 Expressus
1174 3748 1227 3782 au-

193 3808 249 3861 855.
269 3810 312 3862 Sic
323 3813 492 3876 magnicedr't.
506 3810 595 3880 Vulgo
606 3831 668 3863 ma·
717 3820 771 3863 tem
779 3811 872 3865 locuse
881 3810 1008 3880 Virgilio,
1021 3808 1118 3878 Georg.
1128 3809 1140 3862 l
1149 3847 1157 3874 ,
1167 3812 1224 3881 498.

157 3889 232 3949 gnr's,
256 3885 327 3952 quod
347 3885 503 3953 preferebat
523 3888 666 3952 Heinsius;
715 3891 871 3952 -Gerr'tor,
886 3888 1023 3954 conditor,
1036 3892 1112 3941 arbr's.
1126 3886 1181 3941 Cic.
1193 3886 1227 3941 de

158 3959 371 4028 multi,etnostri
380 3963 465 4034 Regii,
473 3985 587 4033 maguus.
598 3965 668 4035 quod
716 3967 776 4020 Dir.
790 3969 819 4034 I,
834 3988 865 4032 a,
884 3970 969 4033 Halia
984 3972 1053 4021 urbis
1060 3986 1153 4034 parens
1164 3970 1225 4020 lto—

159 4048 186 4091 et
199 4039 227 4092 in
239 4060 286 4094 suo
296 4041 512 4113 Berneggeriano
524 4044 585 4113 legit
596 4044 668 4098 idern
716 4051 817 4111 mulus,·
828 4047 924 4113 Silius,
936 4046 979 4114 ll,
993 4047 1042 4114 654
1052 4086 1059 4112 ,
1068 4065 1162 4113 parens
1173 4067 1227 4100 ruu-

160 4118 293 4175 Heinsius.
307 4124 356 4175 Ed.
717 4143 809 4187 rorum,
827 4122 939 4178 ubivide
949 4123 1224 4179 Drakenb-Bome-
