2708 5094
72 798 621 886 'unreuonrnosnou
643 822 743 886 nro.
769 822 889 887 x111.
961 823 1025 913 3⁵7

75 983 138 1053 ego
156 957 320 1044 sustinui,
340 986 422 1058 quas
438 957 500 1031 hac
519 986 538 1031 a
554 957 656 1033 classe
672 958 792 1055 fugavi.

59 1098 84 1143 ts
100 1087 151 1144 est
167 1071 272 1165 igitur
284 1070 369 1144 fictis
387 1073 584 1146 contendere
599 1072 729 1161 verbis,

59 1213 75 1257 o
90 1211 238 1284 pugnare
254 1214 377 1259 manu:
394 1185 452 1259 sed
468 1213 528 1259 nec
544 1186 626 1260 mihi
641 1186 746 1261 dicere
762 1205 948 1288 promtum,
996 1225 1026 1263 to

59 1299 154 1373 iacere
171 1317 220 1374 est
233 1301 313 1374 isti:
333 1318 559 1403 quantumque
576 1330 637 1396 ego
656 1304 764 1376 Marte
779 1302 898 1393 feroci,

59 1432 134 1490 itum
150 1417 217 1490 acie
231 1416 342 1505 valeo,
361 1437 488 1492 tantum
504 1417 590 1492 valet
602 1420 664 1494 iste
677 1418 853 1520 loquendo.

59 1531 261 1605 memoranda
278 1550 385 1607 tamen
403 1532 498 1607 vobis
516 1561 586 1608 mea
603 1533 705 1620 laeta,
724 1532 873 1628 Pelasgi,

61 1673 155 1732 reor;
172 1646 300 1721 vidistis
318 1649 403 1721 enim
420 1678 428 1720 :
448 1676 506 1722 sua
522 1667 632 1723 narret
647 1648 778 1737 Ulixes,

66 1760 135 1835 sine
153 1778 235 1836 teste
251 1763 353 1858 gerit,
371 1793 512 1864 quorum
528 1794 595 1839 nox
614 1763 742 1838 conscia
760 1761 832 1837 sola
849 1779 907 1838 est.
992 1781 1023 1832 rs

59 1877 101 1951 eia
111 1906 228 1974 magna
245 1880 313 1979 peti
329 1881 434 1954 fateor
450 1911 458 1954 :
475 1882 532 1956 sed
550 1881 652 1955 demit
668 1883 828 1957 honorem

59 1992 120 2070 dus
138 2027 146 2069 :
165 1997 258 2095 Ajaci
275 2026 343 2071 non
362 2015 410 2072 est
425 1998 565 2073 tenuisse
584 2001 781 2101 superbum,

59 2179 75 2228 p
88 2189 121 2200 -
130 2161 255 2215 Sustrieui!
264 2163 368 2232 proprie
380 2163 470 2232 impe·
518 2169 590 2232 inque
605 2169 662 2219 ace'e
678 2169 769 2227 valeo,
791 2174 821 2219 ut
833 2163 919 2229 Vlll,
935 2167 984 2235 59,
998 2167 1025 2214 ln

59 2239 213 2305 ruentium,
226 2251 253 2293 et
263 2239 369 2308 stupori!
384 2241 470 2294 hostes
519 2259 644 2308 causaque
654 2244 865 2295 ualet-Valere
876 2249 945 2306 arte,
957 2236 1026 2291 viri-

59 2333 84 2370 as
100 2313 233 2381 ferentes,
250 2317 295 2370 sed
314 2318 376 2371 hine
391 2319 471 2371 etiarn
518 2319 576 2384 bus,
583 2319 864 2375 excellere-Istecum
872 2327 1027 2387 contemptu

59 2393 204 2448 etiamtum.
213 2399 329 2457 Remoui,
343 2395 412 2464 quod
424 2414 471 2464 pro
519 2395 627 2448 dictum.

73 2471 146 2540 prior
173 2473 290 2527 Gronov.
313 2486 339 2527 et
361 2475 413 2527 duo
430 2474 472 2527 alii
561 2475 597 2527 13.
617 2475 802 2536 Memoranda,
823 2474 1025 2538 enumeranda,

59 2549 190 2618 exhibent,
206 2553 471 2622 estglossa.-Tu!1its
518 2551 921 2616 recensenda.-V1'dissnenm;
937 2552 1025 2623 magni

59 2628 276 2696 ussiscouducitad
287 2629 394 2697 gloriam
405 2647 471 2680 con·
518 2629 647 2683 estimant
666 2629 823 2694 bellatores,
845 2629 960 2683 facinora
979 2648 1026 2682 sua

59 2702 260 2765 edam-Fictis.
273 2706 402 2772 subdolis,
414 2725 471 2757 oer-
519 2717 579 2760 aote
598 2705 685 2761 oculos
704 2706 745 2758 vel
762 2704 833 2759 dude
852 2707 892 2759 vel
910 2708 1025 2760 militum

59 2785 227 2837 rooutemtim
237 2784 412 2853 eloquentiam
424 2803 471 2852 ap·
518 2787 645 2851 edidisse;
662 2785 721 2838 vide
736 2785 791 2837 Liv.
808 2786 894 2850 ΧΧΙ,
913 2788 944 2852 43
960 2796 1025 2839 extr.

59 2883 63 2924 ς
79 2861 198 2933 Quintus
215 2863 302 2917 Calab.
316 2883 381 2927 aas,
396 2866 472 2930 ,otton
518 2864 615 2918 -Sr'ne
630 2874 711 2928 teste,
727 2861 794 2933 apud
808 2861 922 2916 Antisth.
937 2882 961 2931 p.
975 2866 1024 2928 54,

59 2947 144 3000 πίσυνος
153 2943 257 3008 μεγάλων
270 2943 386 3007 teipsum
395 2944 470 3014 ippum
518 2940 816 3018 illeulhllfacltpmept'oe,
825 2938 1026 3010 egonlblllsilp«.

59 3022 140 3087 (leaeo
155 3038 267 3087 pugnare
285 3037 380 3084 κωκυ
404 3037 472 3070 uuus
519 3021 663 3086 —anmu
669 3038 721 3072 not
728 3022 832 3072 conscia
838 3026 890 3080 est,
901 3015 1027 3084 qnoniam

59 3099 99 3154 esis
110 3120 184 3168 quam
196 3103 288 3152 bellare
299 3118 386 3165 marm·
401 3098 472 3168 quod
519 3109 599 3152 noctu
609 3117 656 3152 sua
667 3107 878 3169 perpetraverat,
894 3096 963 3150 unde
984 3115 1025 3167 ap.

58 3194 76 3229 u
87 3174 211 3245 frequens
223 3185 261 3229 est
272 3177 385 3241 Nostro,
403 3186 432 3228 ut
446 3185 473 3228 et
520 3176 582 3230 Seu.
591 3174 688 3230 Troad.
701 3178 748 3244 754
758 3215 765 3241 ,
777 3174 1026 3248 Ulyssesnoctumus

59 3254 109 3309 ride
119 3257 211 3309 Heius.
225 3255 256 3309 ad
266 3255 376 3309 Heroid.
388 3256 471 3320 Xlll,
519 3260 606 3317 mites,
615 3255 710 3310 etibid.
720 3257 768 3321 ³8,
780 3252 924 3309 Diomedes
930 3261 1027 3308 noctur·

59 3334 167 3400 Pugnare
177 3343 216 3386 est
229 3333 257 3385 in
272 3333 358 3402 Regiis
371 3333 472 3386 nostris.
520 3352 567 3385 nus
578 3334 760 3386 Ithacicomes.
768 3333 800 3387 ld
808 3332 875 3386 infra
884 3332 910 3386 iu
921 3330 1026 3386 laudem

59 3420 110 3463 eut
116 3409 167 3463 boc
174 3410 301 3463 beroeset
311 3412 403 3463 milites
410 3420 473 3462 stre·
519 3433 594 3467 suam
606 3413 686 3468 vertit
696 3414 803 3487 Ulysees
816 3453 824 3478 ,
841 3414 887 3467 sed
901 3414 1028 3483 superbus

59 3500 76 3542 n
91 3484 268 3561 ‘eloquentiam
284 3503 408 3561 spernant
420 3509 474 3559 pree
521 3503 548 3545 et
565 3493 645 3546 iratus
664 3493 730 3560 Aiax
749 3492 840 3546 callida
855 3491 962 3546 consilia
980 3511 1028 3561 pro

59 3568 176 3623 ’titudine
186 3609 193 3636 ,
203 3590 226 3620 v.
234 3590 255 3622 c.
265 3569 405 3634 Hercules,
419 3569 472 3634 lx,
521 3571 606 3642 ignavi
619 3570 699 3624 animi
711 3571 790 3643 signis
803 3571 889 3623 habet.

59 3646 473 3716 'deusapudEuripidemPhcem
556 3649 1029 3718 17.Ajacinonest...supertametc.

59 3725 94 3776 o3
103 3747 110 3787 ;
120 3724 221 3778 Marius
229 3724 296 3795 apud
306 3725 455 3777 Sallustium
466 3763 474 3789 ,
522 3722 703 3779 Debocseusu
713 3724 868 3778 Graeconsm
878 3722 989 3775 diximus
997 3721 1030 3774 ad

59 3800 181 3866 XXXV,
193 3802 221 3853 31
234 3823 240 3864 ;
256 3802 322 3866 Aiax
331 3800 399 3869 apud
412 3801 475 3852 An·
524 3805 563 3858 ΙΧ
571 3784 756 3871 ,6:se0eide,
768 3823 848 3873 quam
858 3801 948 3857 acerbe
958 3820 1030 3855 nune

59 3901 72 3932 ι.
80 3883 128 3935 55:
141 3885 151 3936 l
162 3887 254 3949 πόλεμος
263 3887 288 3938 οὐ
295 3887 353 3953 λόγῳ
363 3890 475 3955 κρίνιται,
523 3900 556 3934 eo
567 3890 657 3935 utatur
663 3882 691 3935 iu
701 3883 887 3936 coutumeliam
897 3878 1031 3935 cernuli.-

59 3962 235 4032 pp-Dicere,
248 3960 300 4014 scil.
313 3978 373 4011 cum
384 3958 477 4011 lacun—
524 3959 608 4026 Ajace
615 3979 676 4015 eum
687 3961 712 4013 vi
722 3979 770 4029 pro
778 4000 792 4027 ‚¹
799 3962 876 4025 ὠὴ·
886 3957 977 4025 Silius,
988 3956 1016 4010 ll
1022 3995 1030 4023 ,

59 4037 210 4106 loquentem
223 4057 277 4090 esse
290 4057 296 4091 ε
309 4055 375 4106 saepe
389 4037 424 4089 sic
435 4039 478 4089 de·-
525 4054 572 4106 ²9·
585 4038 717 4091 Amatam
728 4040 898 4090 Hannibalem
914 4033 963 4107 (id
976 4043 1031 4100 est,

59 4115 103 4169 >ud
117 4116 342 4175 (licen-Facere,
357 4115 478 4185 praeclara
524 4131 563 4165 me
577 4111 590 4182 )
606 4132 686 4180 pm
698 4120 767 4182 petit
781 4120 859 4183 impia
878 4118 960 4169 tellus.
978 4112 1031 4167 Sed

59 4211 86 4245 ra
98 4192 196 4258 edere,
215 4193 309 4246 fortem
323 4213 376 4246 esse
390 4215 397 4255 ;
419 4193 480 4246 Sal·
525 4189 644 4243 Francio·
658 4202 686 4245 et
702 4191 859 4245 Burmanuo
873 4191 1032 4255 auctoribus,

59 4268 182 4338 ·,car.³,
192 4293 205 4316 «
214 4270 357 4324 Pulchrum
366 4271 479 4324 est-bene
526 4280 583 4337 post
593 4274 696 4324 emulus
710 4271 952 4340 interpungendum
966 4271 1036 4326 arbi-

59 4368 86 4401 re
96 4348 258 4418 reipublice:
270 4349 349 4401 etiarn
359 4349 426 4401 bene
438 4348 481 4400 di·
526 4357 608 4400 trotus
615 4366 688 4401 sum:
698 4347 772 4416 Ajaci
783 4364 836 4398 non
846 4357 885 4400 est
892 4350 1035 4419 superbum

59 4425 481 4492 rhaudabsurdumestm-Quan-
528 4425 657 4493 tenuisse,
670 4424 740 4494 quod
755 4423 990 4500 speravitUly'eeee.
1003 4429 1035 4480 ln

59 4503 481 4573 rr‘eoaleoexNeapoldeditHeio·
528 4501 958 4575 quaoppositiouemeximamesse
967 4505 1034 4568 vim,

60 4582 138 4652 vulgo
155 4580 167 4650 (
182 4592 208 4634 et
224 4583 251 4635 iu
267 4581 355 4651 Regiis
368 4583 482 4648 nostris)
528 4600 712 4653 summamque
736 4580 905 4638 acerbitatem
929 4582 1038 4651 quilibet
