2760 4710
155 307 221 393 440
433 310 938 381 r.0v1u11uasonrs

156 447 281 533 Solvit;
300 465 334 521 et
350 448 551 549 Hippotadae
567 478 725 544 regnum,
744 468 913 552 terrasque
931 451 1055 527 calenti
1093 451 1119 490 ”

155 560 286 636 Sulfure
302 563 485 651 fumantes,
501 563 805 666 Acheloiadumque
822 565 984 666 relinquit

154 679 309 752 Sirenum
326 677 505 779 scopulos:
523 681 705 781 orbataque
720 680 859 781 praeside
876 681 979 781 pinus

152 794 335 882 Inarimen,
351 794 603 897 Prochytenque
619 795 718 891 legit,
737 797 909 898 sterilique
928 795 1056 871 locatas

154 905 248 981 Colle
263 908 475 998 Pithecusas,
491 910 699 984 habitantum
714 912 848 986 nominc
865 912 980 986 dictas.
1189 947 1219 1000 φ

154 1024 292 1125 Quippe
309 1025 418 1099 Deum
435 1026 566 1121 genitor
581 1026 747 1114 fraudem,
765 1045 799 1102 et
811 1029 955 1128 periuria
971 1026 1148 1129 quondam

155 1141 341 1241 Cercopum
360 1169 498 1231 exosus,
516 1144 690 1243 gentisque
704 1143 848 1218 admissa
866 1141 1009 1232 dolosa,

152 1255 193 1327 ln
211 1253 358 1328 deforme
371 1255 462 1331 viros
478 1257 597 1331 animal
612 1257 772 1344 mutavit,
791 1273 831 1330 ut
850 1255 938 1331 idem

153 1371 340 1447 Dissimiles
357 1373 485 1447 homini
502 1391 656 1475 possent,
674 1372 861 1473 similesque
876 1371 1005 1445 videri:

154 1487 373 1587 Membraque
390 1489 573 1577 contraxit,
591 1517 753 1589 naresque
769 1517 788 1562 a
804 1488 911 1562 fronte
929 1488 1071 1561 resimas
1190 1508 1220 1578 9⁵

157 1654 300 1722 Troianis,
323 1674 445 1708 errorum
470 1655 663 1710 maritimorum
712 1655 784 1708 Mela
797 1655 884 1709 etalii.
902 1654 990 1708 Fluxit
1004 1663 1099 1707 antem
1110 1653 1221 1709 hocnu-

156 1735 270 1801 perosis,
289 1733 428 1803 persuasit,
442 1744 471 1786 ιιι
486 1733 558 1787 classi
574 1735 663 1804 ignem
711 1751 774 1786 men
786 1752 816 1786 ex
829 1731 884 1787 luco
895 1731 936 1785 vel
948 1731 1096 1799 depravato
1107 1730 1149 1785 rel
1159 1731 1220 1784 male

154 1808 294 1864 inferrent.
312 1809 438 1878 Quatuor
456 1811 565 1864 navibus
583 1831 663 1865 rom·
711 1811 843 1866 intellecto
858 1809 989 1876 Homeri,
1006 1810 1036 1863 ll.
1052 1819 1089 1875 B,
1107 1811 1169 1879 783,
1184 1815 1220 1864 Bb

155 1888 254 1953 bustis,
267 1887 372 1956 Jupiter
380 1887 533 1941 incendium
543 1890 663 1944 exstinxit
708 1879 808 1966 -A’pr'um
827 1910 911 1960 :quos
930 1891 1039 1945 Arimos
1055 1892 1180 1944 nonnulli
1194 1892 1218 1944 ia

155 1965 242 2036 pluria
251 1967 364 2021 immissa
374 1990 381 2032 ;
393 1969 498 2023 AEneid.
512 1970 554 2038 V,
566 1972 663 2025 noh-
710 1967 778 2021 hanc
786 1969 895 2021 insulam
904 1968 1113 2022 transferebant.
1122 1969 1218 2033 Strabo,

153 2045 305 2112 H'rppotadae
314 2064 429 2114 regnan,
448 2046 542 2102 AEolioe
557 2047 661 2115 insulse,
713 2043 748 2111 V,
757 2064 814 2115 pag.
825 2047 890 2118 379,
903 2045 994 2112 addit,
1006 2047 1101 2101 simios
1113 2045 1219 2103 Etrus&

154 2121 240 2192 plenas
258 2142 429 2199 cavernarum
452 2136 479 2179 et
499 2126 604 2192 salsan's
614 2126 664 2193 su·
711 2122 793 2177 dictos
807 2144 862 2177 esse
875 2130 985 2187 urinam
1006 2124 1069 2178 ride
1087 2126 1179 2180 Heius
1190 2123 1219 2178 ad

154 2205 261 2259 mantis.
271 2213 430 2272 quapropter
439 2214 466 2256 et
471 2205 541 2258 AEoti
550 2223 662 2274 regnum
711 2201 738 2254 h.
747 2203 763 2254 l.
771 2203 894 2256 Munher.
903 2202 935 2256 ad
947 2203 1068 2256 Laetant.
1078 2203 1188 2273 Argum.
1195 2213 1219 2256 et

156 2286 184 2329 et
198 2276 313 2332 Vulcani
332 2280 466 2334 officinam
483 2281 534 2336 huc
549 2293 664 2336 transtu·
712 2278 801 2351 Heyn.
815 2280 875 2334 Eae.
885 2281 911 2334 11
923 2280 956 2334 ad
970 2281 1046 2350 Virg-
1058 2281 1167 2336 AEneid.
1179 2280 1219 2334 tx

156 2352 244 2408 lerunt
266 2369 356 2426 poetae.
377 2360 431 2413 Pro
443 2360 575 2426 sumatur
595 2378 663 2415 unus
744 2356 1019 2429 92.Caercopes,Lydias
1027 2357 1219 2427 populonium·

158 2430 663 2506 Mediceusbahetfiamrnantese-Regii
712 2432 926 2500 dolentissimus,
954 2435 1089 2489 malitiosa
1114 2435 1220 2490 versutia

155 2509 663 2582 codicessurnantes.—Aclreloiadurrpro
711 2512 825 2583 insignis.
846 2513 906 2566 Jovi
930 2512 1055 2567 adversus
1079 2513 1220 2568 Saturnum

156 2590 334 2650 Acheloidmn,
348 2590 426 2642 metri
436 2592 664 2644 causa-Sroeauar
712 2608 790 2658 opem
799 2591 986 2659 promiserant;
996 2590 1058 2657 sed,
1069 2604 1173 2663 accepta
1181 2611 1219 2662 pe

153 2674 266 2736 scopuli,
279 2681 360 2738 petrae
372 2679 424 2722 tres
432 2689 487 2723 non
496 2669 573 2738 longe
584 2690 598 2723 a
609 2669 664 2723 Ca·
711 2667 804 2734 cunia,
822 2687 884 2720 eum
900 2669 1034 2721 riserunt:
1048 2669 1114 2724 inde
1130 2669 1219 2724 versuti

155 2748 237 2814 prsis,
251 2746 392 2815 naufragiis
406 2746 524 2799 infames
539 2747 581 2799 De
591 2749 664 2799 Sire-
711 2745 865 2813 impostores
876 2751 992 2821 Klpruere
1003 2745 1085 2811 dicti,
1102 2758 1129 2800 et
1140 2770 1217 2824 κιμ-

155 2828 231 2876 rrr‘bas
241 2825 300 2877 vide
313 2843 390 2892 supra
402 2826 442 2888 V,
456 2828 513 2878 551.
524 2850 557 2864 -
568 2827 658 2888 I’r'rrm,
711 2831 802 2887 κιζιιν,
819 2822 925 2875 fraudes
938 2822 1026 2875 moliri
1037 2845 1044 2886 ς
1057 2823 1122 2877 vide
1136 2826 1219 2878 Zeno-

154 2903 241 2967 navis,
255 2901 345 2954 orbata
353 2905 474 2968 preside,
488 2903 662 2972 gubernatore
711 2899 785 2952 bium
794 2898 871 2953 Cent.
882 2900 903 2965 l,
912 2905 940 2963 5;
950 2900 1001 2965 lV,
1011 2904 1052 2953 50·
1063 2901 1219 2956 SedGm't

155 2977 297 3043 Palinuro,
311 2979 424 3048 quicum
434 2980 610 3048 gubernaculo
617 3001 663 3034 ex·
710 2995 824 3042 cercopes
834 2987 860 3029 el
872 2996 953 3046 genus
967 2975 1110 3030 simiorum
1124 2976 1220 3032 canda·

154 3074 242 3107 cussus
250 3065 306 3107 erat
316 3056 344 3108 in
353 3075 425 3109 mare
435 3077 441 3119 ;
452 3057 515 3110 AEn.
528 3058 563 3123 V,
573 3060 663 3127 sep-
710 3062 798 3106 torum
815 3073 822 3106 ι
839 3057 1022 3121 cercopithecos
1041 3054 1071 3106 in
1089 3054 1222 3124 AEthiopia

154 3131 279 3202 Prochyta
292 3144 318 3186 et
329 3136 468 3187 Pithecusa
480 3137 491 3201 (
502 3134 581 3188 hodie
592 3138 662 3189 Pro-
711 3143 841 3186 memorat
854 3144 881 3185 et
891 3132 1143 3201 deseribilPlinius,
1155 3134 1221 3189 Hist-

154 3213 215 3262 cc’da
226 3221 252 3263 et
263 3212 367 3276 Ischr'a)
378 3210 468 3265 insulas
480 3214 662 3282 promontorio
712 3212 772 3266 Nat.
786 3212 871 3278 Vlll,
884 3232 923 3266 ar.

157 3290 262 3345 Miseno
269 3291 384 3359 objectae.
393 3291 573 3362 Hasasrglinis
581 3292 663 3347 dolia-
743 3292 783 3361 93.
800 3295 831 3343 In
842 3293 952 3359 deforme
966 3296 1079 3354 animal,
1097 3293 1126 3346 in
1137 3293 1222 3346 sinnas

156 3371 255 3422 riorum
269 3368 388 3439 (dolium
397 3369 469 3422 enim
477 3370 660 3436 Grsecisrr'tse)
709 3372 829 3424 mutavit.
842 3371 894 3424 Sed
908 3390 982 3424 more
993 3391 1042 3424 suo
1053 3373 1172 3425 formam
1182 3371 1222 3425 si-

155 3466 255 3503 nomen
267 3449 384 3513 traxisse,
397 3459 488 3502 auctor
499 3461 538 3503 est
546 3450 660 3517 Plinius,
710 3449 824 3501 mierum
836 3448 951 3516 jucunde
964 3449 1221 3508 describit-Vitas.

155 3528 211 3592 ΙΙΙ,
225 3527 248 3581 6.
257 3527 352 3581 Noster
359 3537 463 3591 autem,
479 3538 507 3580 ιιι
517 3527 661 3595 postulabat
710 3528 846 3593 homines,
865 3538 895 3580 ut
910 3547 977 3597 supe
998 3528 1067 3599 apud
1085 3530 1221 3585 Nostnrru.

154 3607 239 3672 operis
255 3606 294 3659 sui
312 3606 394 3672 ratio,
410 3606 528 3675 sequitur
539 3626 600 3672 eos,
617 3607 661 3675 qui
709 3632 743 3646 ·-
754 3608 866 3658 mnam
876 3611 1012 3659 contraxit.
1029 3607 1121 3660 Amm.
1139 3608 1220 3662 blare.

155 3701 168 3733 a
182 3684 280 3750 simiis,
297 3692 416 3752 ιιιὴκιις,
436 3684 547 3738 insulam
564 3683 661 3741 dictam
710 3683 805 3749 XXll,
821 3687 865 3751 ιι,
878 3683 911 3737 de
923 3684 1050 3750 Juliano,
1071 3688 1217 3747 Videbam

153 3779 207 3814 esse
219 3763 351 3817 malebant
365 3784 371 3817 :
389 3763 456 3818 hanc
473 3762 595 3816 eamdem
605 3784 660 3819 esse
708 3770 738 3815 a!
748 3764 865 3829 Cercops.
883 3766 956 3817 homo
967 3768 1165 3819 breves-stae
1174 3785 1220 3820 aa·

152 3848 230 3904 atque
241 3844 366 3895 Inarimen
375 3863 394 3895 s.
406 3841 558 3909 AEnariam,
572 3854 661 3903 aucto-
707 3859 764 3902 res,
776 3841 803 3893 id
812 3852 851 3894 est
859 3853 998 3897 contractu
1008 3883 1015 3909 ,
1024 3844 1109 3899 sinaiis
1117 3845 1220 3898 dantur.

151 3915 269 3972 ritatibus
285 3922 493 3993 geographorum
513 3941 659 3991 grecorum
710 3921 797 3974 Etiam
813 3923 857 3990 qui
870 3923 1009 3977 fastidiunt
1022 3924 1122 3994 aliquid
1133 3936 1218 3978 retor-

151 3995 288 4048 contendit
307 3998 447 4054 Salmasius
467 3994 501 4054 ad
519 4001 658 4069 Solinum,
708 4000 741 4054 tis
752 4000 876 4069 naribus,
893 4007 986 4057 srinare
998 4024 1073 4057 nares
1087 4004 1219 4059 dicuntur.

152 4087 208 4138 pag.
223 4087 263 4140 97.
278 4071 400 4129 Diversus
414 4077 513 4133 faciunt
530 4079 657 4148 Ovidius,
707 4079 761 4136 Sed
770 4080 866 4136 Noster
873 4081 979 4149 maluit,
992 4081 1218 4149 cremendatim
