2760 4710
155 354 199 440 34
429 357 468 422 r.
503 356 678 425 ovmrr
703 357 929 429 nasonis
1011 434 1013 438 Α

153 498 193 568 ln
206 483 340 594 jurenes
356 511 448 568 vasto
465 493 512 569 sic
530 497 652 597 impete
668 499 842 575 vulnificus
858 529 914 576 sus

151 619 283 709 Fertur,
301 635 333 690 et
351 616 557 718 Eupalamon
574 618 806 725 Pelagonaqne
825 624 937 699 dextra
953 642 1082 700 tuentes
1165 649 1215 731 ³⁶?

153 740 287 813 Cornua
304 740 508 840 prosternit:
523 741 606 815 socii
623 766 759 845 rapuere
774 746 927 843 jacentes.

150 857 198 929 At
213 885 281 929 non
297 855 444 931 letiferos
461 857 579 956 effugit
594 861 776 934 Enaesimus
792 861 898 948 ictus,

152 972 386 1072 Hippocoonte
404 989 518 1048 satus:
535 973 770 1073 trepidantem,
790 992 823 1047 et
838 992 928 1071 terga
946 994 1113 1077 parantem

151 1089 305 1174 Vertere,
324 1089 452 1162 succiso
467 1088 637 1188 liquerunt
653 1088 782 1188 poplite
798 1090 900 1161 nervi.

152 1205 305 1279 Forsitan
321 1223 355 1281 et
370 1206 484 1306 Pylius
501 1205 583 1277 citra
596 1204 742 1302 Trojana
757 1203 899 1303 perisset
1167 1230 1216 1282 365

152 1323 337 1423 Tempora:
353 1320 411 1395 sed
427 1336 537 1393 sumto
554 1318 664 1418 posita
679 1319 852 1393 conamine
869 1320 910 1393 ab
925 1320 1037 1408 hasta,

154 1437 294 1510 Arboris
310 1434 457 1521 insiluit,
477 1461 549 1533 qua
566 1431 677 1506 stabat
691 1433 859 1532 proxima,
878 1435 998 1521 r'amis;

152 1552 376 1653 Despexitque
393 1548 468 1621 loco
487 1564 598 1634 tutus,
618 1576 716 1647 quem
730 1547 876 1644 fugerat,
892 1551 1032 1625 bostem.
1071 1612 1077 1626 .

153 1668 320 1742 Dentibus
335 1663 390 1736 ille
406 1664 498 1736 serox
515 1663 550 1734 in
568 1691 694 1763 querno
711 1665 824 1764 stipite
842 1668 949 1755 tritis,

154 1781 305 1856 Imminet
320 1777 440 1862 exitio,
458 1776 679 1877 frendensque
694 1782 884 1856 recentibus
900 1784 1021 1868 armis,
1167 1808 1217 1876 370

154 1895 319 1970 Actoridae
335 1894 445 1989 magni
461 1912 570 1968 rostro
587 1894 694 1970 femur
707 1895 820 1970 bausit
834 1896 973 1971 adunco.

156 2090 231 2144 cessit
248 2088 336 2142 modo.
360 2087 439 2158 Regii
463 2088 546 2141 nostri
565 2088 663 2141 habent
712 2087 783 2143 Clav.
798 2086 853 2142 Cic.
866 2087 1214 2149 h.r.-Sumcreconamcn,

154 2178 227 2222 certo.
237 2196 271 2207 -
289 2169 426 2236 Valnficus
445 2185 508 2234 sus,
526 2165 567 2218 lric
580 2164 662 2219 Schi-
711 2167 763 2218 vim
776 2164 870 2218 addere
883 2165 984 2218 salienti
993 2166 1103 2232 corpori.
1114 2193 1147 2206 —
1158 2170 1216 2221 Po-

156 2245 257 2300 raehius
265 2246 384 2298 observat
391 2264 445 2298 esse
456 2245 609 2315 pingentem
616 2261 665 2296 nn·
709 2248 761 2296 sits
766 2246 799 2294 ab
806 2244 896 2303 hasta.
907 2241 979 2295 hasta
988 2241 1074 2296 telluri
1082 2243 1215 2313 impressa.

157 2343 269 2378 merum.
281 2320 427 2394 Compares
439 2343 470 2376 ex
483 2323 609 2389 Horatio,
626 2326 664 2374 η’-
712 2317 814 2373 Confer
828 2320 874 2386 ll,
897 2320 943 2386 786
953 2342 964 2385 ;.
977 2320 1028 2387 IV,
1042 2339 1098 2390 710.
1109 2348 1143 2361 -
1158 2324 1216 2374 Fu-

157 2407 257 2457 diculus
280 2422 343 2455 mus.
366 2401 467 2455 Similia
489 2400 613 2470 Virgilius
634 2400 662 2453 in
707 2409 792 2468 gerat,
809 2400 944 2470 effugerat.

156 2481 289 2553 Georgicis
306 2481 392 2535 babet.
412 2509 445 2524 --
461 2482 620 2546 mnemon
637 2488 664 2531 et
743 2480 799 2554 369.
824 2483 908 2533 Trite's.
928 2478 1029 2534 Laudat
1048 2481 1217 2536 Burmannus

155 2566 267 2631 Pelagos
282 2581 359 2631 supra
370 2562 397 2613 in
411 2558 528 2627 catalogo
540 2576 593 2610 non
607 2577 664 2610 no-
711 2556 804 2611 Senec.
817 2558 846 2625 l,
861 2557 894 2610 de
905 2557 979 2611 Orat
989 2575 999 2610 r
1009 2598 1016 2624 ,
1027 2562 1114 2612 dentes
1124 2580 1217 2612 acuon·

156 2642 248 2694 minati
258 2679 266 2706 ,
278 2659 328 2692 nee
336 2635 440 2689 aliunde
451 2636 515 2688 noti.
523 2661 556 2675 -
566 2638 666 2688 Dextra
707 2641 855 2690 sarattn'tu.
865 2634 939 2690 Idem
948 2636 1045 2703 nescit,
1062 2639 1216 2707 annonjure

156 2729 251 2772 tuentes
273 2731 390 2777 cornua5
413 2713 496 2766 aciem
518 2732 616 2783 nempe
636 2713 664 2765 in
711 2725 794 2785 poete
811 2713 950 2768 luxurianti
969 2714 1045 2782 objici
1059 2716 1153 2784 possit,
1167 2715 1217 2769 hoc

158 2813 250 2865 aprum
264 2793 432 2855 direxerant,
449 2790 523 2857 cujus
544 2789 665 2844 dextrum
711 2791 835 2860 longioris
853 2809 935 2844 more
951 2792 1048 2853 suisse3
1068 2810 1155 2859 neque
1172 2811 1218 2844 va-

158 2890 242 2924 cornu
253 2869 281 2922 hi
293 2868 346 2921 duo
358 2867 544 2922 defendebant.
556 2870 606 2920 Ed.
711 2888 780 2921 casse
791 2887 870 2936 apro,
884 2877 923 2921 tot
933 2867 1160 2920 circumstantibus
1170 2889 1215 2921 ve-

190 2947 247 3014 364.
263 2948 366 2999 succiso
372 2950 473 3014 poplite.
482 2944 545 2998 Sisii
556 2956 583 2998 et
593 2944 665 2998 Gro-
711 2949 856 3013 natoribus,
865 2947 892 3000 in
903 2946 995 2999 arbore
1008 2965 1101 2998 acuere
1109 2944 1215 3001 dentes:

158 3022 286 3076 nosiauus
305 3023 413 3088 tertius,
434 3027 569 3085 succiduo,
593 3022 664 3092 quod
711 3028 739 3081 in
749 3046 801 3096 quo
809 3028 888 3081 nimis
899 3044 1003 3079 severus
1017 3036 1055 3077 est
1066 3025 1106 3076 vir
1117 3024 1216 3082 doctus.

159 3099 223 3152 olim
231 3101 520 3169 Heinsiusprobaverat
528 3099 664 3168 Regiinos·
713 3104 817 3173 Quidni
828 3104 955 3158 vacaverit
967 3121 1031 3172 apro
1042 3101 1133 3157 dentes
1143 3117 1216 3162 acue-

161 3179 194 3231 tri
206 3177 271 3230 nilril
282 3190 393 3232 mutant.
408 3180 462 3231 Pro
470 3185 568 3231 succiso
575 3177 663 3242 Silius,
712 3200 741 3235 re
752 3221 759 3247 ,
772 3200 854 3249 quum
863 3190 999 3233 venatores
1008 3179 1110 3251 longius
1120 3187 1216 3239 remoti

161 3254 522 3323 1V,343,casopoplrte;sed
532 3257 666 3306 succensus
713 3269 815 3324 essent,
837 3268 864 3311 et
880 3258 1055 3328 plurimorum
1072 3259 1123 3312 tela
1135 3263 1216 3315 aber-

162 3336 251 3407 poples
257 3346 296 3387 est
302 3335 501 3402 eorum,quibus
509 3331 666 3385 animmlin·
712 3335 824 3390 rarent?
837 3339 1003 3390 -Frendens
1013 3357 1044 3392 ex
1053 3340 1217 3393 unolleinsii

161 3417 258 3487 quitur.
267 3414 333 3466 Vide
348 3413 663 3470 normannum—seni,
713 3411 786 3465 dedit
803 3413 973 3468 Burmannus
989 3417 1093 3469 :caeteri
1103 3454 1111 3481 ,
1122 3420 1217 3486 fidens.

161 3496 206 3568 qui
224 3494 251 3548 in
266 3496 360 3560 poplite
374 3502 435 3544 sunt
452 3490 576 3559 plurimi,
595 3486 665 3540 unde
714 3490 754 3543 lta
766 3492 847 3544 nostri
862 3491 1115 3561 {tegit-accentu
1124 3513 1216 3555 arma,

160 3593 276 3630 astrosus
285 3575 381 3640 poples·
393 3597 427 3610 ¹·
443 3573 590 3636 sequerere,
613 3566 665 3618 de·
713 3572 823 3637 dentes,
837 3591 901 3641 quos
912 3575 1213 3635 aruerat-Actorr'de,

162 3655 289 3706 fecerunt.
713 3649 753 3702 vel
767 3650 874 3724 Euryti,
888 3651 928 3702 vel
940 3649 1024 3703 Cteati
1039 3688 1046 3716 ,
1064 3666 1152 3700 versus
1161 3649 1217 3702 308.

193 3732 354 3802 365ἡ1ἱω,
365 3726 586 3782 Nestore-(Istra,
596 3734 665 3776 ante.
715 3728 810 3798 Recepi
823 3728 890 3782 banc
900 3728 1038 3782 lectionem
1049 3766 1056 3792 ,
1066 3745 1145 3796 quarn
1155 3747 1219 3796 qua-

162 3835 195 3848 ·-
215 3809 326 3875 Trolisna
343 3816 472 3874 tempora,
493 3803 581 3871 ‘l'rojte
593 3802 666 3855 esci·-
714 3814 775 3857 tuor
792 3806 872 3859 MSS.
890 3804 1073 3874 suppeditant,
1093 3805 1152 3873 quia
1169 3823 1217 3856 re-

163 3883 255 3949 dium,
275 3897 304 3938 us
322 3897 391 3939 reete
405 3885 591 3951 intorpretatur
607 3881 666 3933 Re·
713 3882 790 3951 lique,¹
811 3885 920 3952 onetsae
939 3892 983 3933 aut
1008 3884 1130 3941 Oritbs'oe,
1153 3883 1217 3930 Ori-

162 3959 225 4028 gius.
243 3964 361 4029 Tempora
373 3963 444 4015 enirn
458 3960 568 4030 passim,
587 3959 666 4011 etiam
713 3964 789 4018 chris,
807 3962 952 4018 Orchs'adoe,
972 3960 1100 4011 OthrIade
1111 3966 1159 4008 etr.
1172 3975 1218 4008 ex-

162 4038 439 4109 apudCiceronem,de
445 4044 592 4095 calamitoso
598 4051 666 4094 statu
714 4040 800 4110 plicari
813 4047 956 4108 nequeunt.
970 4037 1044 4107 liegii
1056 4033 1147 4098 nostri,
1158 4035 1219 4085 on·-

161 4117 286 4182 lrominis,
300 4121 460 4174 rusticitatis
471 4138 478 4172 t
488 4120 546 4175 vids
561 4119 665 4174 Ensesti
713 4111 1149 4178 theb.-Fsrnsrbassr't.Videst,
1163 4112 1215 4165 rab.
