2760 4710
160 303 229 388 css
437 303 476 368 e.
505 302 682 370 ovrnn
715 297 944 366 uasonrs

163 444 247 516 Cum
263 439 345 513 duce
362 468 505 540 namque
520 469 595 515 meo
613 441 709 514 Circe
725 439 805 512 dum
822 437 892 512 sola
911 455 1093 528 moratur,

161 555 221 629 llla
237 555 320 629 mihi
336 556 430 630 niveo
449 557 573 632 factum
590 556 630 630 de
645 585 808 631 mamone
825 557 960 650 signum

161 672 321 746 Ostendit
334 671 497 770 juvenile,
516 701 632 768 gerens
647 672 683 745 in
700 672 822 745 vertice
839 672 974 770 picum,

162 787 247 862 AEde
269 815 360 861 sacra
374 789 542 888 positum,
558 787 738 890 multisque
756 789 886 884 insigne
904 787 1050 862 coronis.
1196 807 1242 861 διε

161 902 249 999 Quis
265 903 367 992 foret,
387 921 421 977 et
438 932 540 1006 quare
555 933 646 979 sacra
663 905 826 980 coleretur
839 906 874 979 in
891 905 976 992 aede,

160 1019 230 1093 Cur
247 1020 332 1095 hanc
348 1022 449 1095 senet
466 1049 574 1108 avem,
593 1023 769 1122 querenti,
787 1038 821 1095 et
837 1022 919 1095 scire
937 1018 1094 1107 volenti,
1116 1012 1119 1016 ⁴

163 1171 181 1202 «
201 1137 340 1240 Accipe,
357 1139 419 1227 ait,
439 1140 610 1228 Macareu;
627 1139 832 1239 dominaque
849 1138 1000 1240 potentia
1015 1166 1095 1239 quae
1112 1138 1161 1213 sit

163 1288 182 1320 »
202 1255 292 1328 Hinc
309 1285 444 1358 quoque
459 1256 548 1329 disce
564 1284 644 1329 meae
661 1284 669 1328 :
684 1272 723 1329 tu
738 1255 836 1329 dictis
853 1253 957 1351 adjice
974 1271 1152 1329 mentem:
1172 1286 1192 1320 »

210 1370 311 1445 Picus
326 1372 362 1445 in
377 1371 557 1460 Ausoniis,
574 1370 686 1473 proles
704 1371 872 1456 Saturnia,
893 1369 991 1444 terris
1193 1390 1242 1442 sao

161 1489 234 1561 Rex
250 1489 336 1575 fuit,
353 1489 487 1564 utilium
503 1487 594 1563 bello
610 1487 779 1564 studiosus
792 1515 963 1588 equorum.

162 1602 285 1677 Forma
300 1605 394 1693 viro,
413 1634 511 1706 quam
527 1602 651 1692 cernis,
669 1622 761 1677 crat:
778 1602 854 1677 licet
869 1604 941 1703 ipse
956 1601 1120 1677 decorem

163 1717 359 1820 Adspicias,
379 1720 521 1819 fictaque
537 1718 662 1819 probes
680 1720 722 1793 ab
738 1720 878 1816 imagine
893 1747 1013 1812 veram.

161 1831 228 1905 Par
242 1833 371 1906 animus
388 1833 524 1906 fonnae:
542 1861 602 1906 nec
618 1833 727 1906 adhuc
744 1851 906 1934 spectasse
923 1860 983 1933 per
999 1860 1113 1906 annos

162 1948 422 2048 Quinquennem
438 1964 572 2049 poterat
589 1948 689 2022 Graia
705 1965 821 2048 quater
834 1946 929 2021 Elide
946 1976 1112 2049 pugnam.
1191 1968 1239 2021 325

160 2133 176 2159 u
190 2111 225 2166 tia
238 2111 265 2164 in
279 2112 343 2167 Pico
357 2132 476 2182 expressa
489 2112 568 2168 luisse
582 2112 673 2168 videa·
720 2116 893 2168 -Studebsus
902 2134 1026 2183 equorum.
1048 2113 1134 2185 Apud
1147 2115 1240 2185 virgil,

160 2212 176 2236 n
189 2200 240 2244 tur.
250 2190 315 2258 Quo
326 2191 380 2260 ipso
392 2191 539 2245 declaratur
547 2192 587 2258 id,
601 2191 672 2260 quod
720 2212 786 2246 vers.
797 2194 958 2264 189,1’1·cus,
971 2212 1064 2261 equum
1077 2199 1197 2248 danim
1205 2193 1239 2248 Et

161 2267 258 2337 »apud
274 2268 365 2337 vingit.
385 2269 481 2322 lituum
500 2278 674 2322 manutenet
720 2290 794 2339 reges
806 2271 882 2340 prisci
896 2269 976 2323 ltalise
989 2270 1124 2340 plurimos
1134 2271 1239 2325 alebam
1271 2266 1274 2271 ’

161 2365 176 2391 o
189 2345 245 2412 ejus
256 2345 361 2416 signum
374 2347 403 2400 in
416 2347 502 2401 Latini
519 2347 590 2416 regia
602 2344 672 2415 posi·
721 2366 811 2418 equos.

165 2445 179 2469 ν
195 2435 266 2492 turn,
278 2444 315 2478 vs.
331 2426 385 2494 187.
401 2424 508 2478 Servius
523 2443 625 2494 quoque
639 2422 673 2475 ad
743 2427 809 2478 das.
825 2425 945 2477 Decorem
960 2426 1105 2492 adspicias.
1125 2423 1237 2479 Plurimi

163 2526 176 2550 »
190 2525 213 2558 e.
226 2505 242 2560 l.
255 2524 286 2558 ex
298 2498 499 2575 pontificicilibus
516 2503 586 2555 libris
610 2521 673 2570 pro·
719 2507 833 2556 colorem.
852 2501 962 2556 Codices
981 2503 1059 2571 Regii
1077 2508 1238 2558 kenren-

161 2585 251 2638 »bare
262 2585 333 2649 vult,
348 2585 440 2637 Picum
453 2581 561 2651 augurio
572 2582 672 2634 clarum
720 2584 806 2642 bl'cta,
827 2581 858 2633 ad
873 2581 1048 2635 imitationem
1068 2602 1238 2653 expressa.-

160 2681 176 2708 »
188 2661 283 2724 luisse;
294 2683 307 2709 o
319 2660 453 2732 Heynius,
464 2659 525 2711 Eue.
535 2658 560 2705 V
568 2658 599 2711 ad
608 2659 670 2711 AEn.
719 2658 813 2709 Probcs
825 2699 831 2720 ,
852 2655 986 2726 dijudices.
1002 2687 1036 2699 -
1051 2661 1101 2712 Ab
1120 2665 1235 2728 imagine.

160 2739 186 2787 V
188 2741 224 2794 11.
245 2739 328 2810 Quod
342 2736 466 2807 Virgilius
479 2736 593 2789 breviter
604 2737 673 2790 adti-
722 2734 850 2804 Quinque
862 2740 908 2788 sub
918 2742 1035 2804 arnagine.
1044 2739 1183 2792 Praeterea
1192 2739 1234 2790 Vi·

159 2817 211 2884 git,
227 2816 253 2869 id
267 2819 363 2870 Noster
375 2835 448 2868 more
461 2833 509 2867 suo
522 2814 597 2867 latius
610 2835 672 2884 per*
719 2814 810 2866 vianne
820 2853 827 2880 ,
839 2815 998 2883 serrarumque
1006 2820 1104 2882 probes
1118 2821 1152 2870 ab
1169 2823 1235 2870 im·

159 2903 262 2946 secutus
279 2904 326 2946 est.
715 2898 774 2960 gine
781 2912 875 2953 veram,
885 2893 955 2960 quod
965 2912 1014 2945 nec
1022 2894 1141 2947 Heinsio
1148 2894 1235 2964 displi-

195 2970 253 3035 3¹4·
273 2972 395 3022 Jurem'le.
414 2968 586 3024 Constantius
604 2970 669 3024 Fau.
718 2973 887 3025 cebet-Nec
895 2975 978 3025 adhuc
985 2982 1033 3025 eto
1043 2973 1179 3027 Nondum
1189 2993 1235 3043 per

157 3045 265 3115 proelert
284 3065 315 3098 ex
331 3066 386 3099 uno
401 3049 591 3113 suojuuenale,
609 3048 669 3116 quia
717 3060 820 3103 etatem
831 3060 934 3120 poterat
945 3050 1235 3124 quaterludosOlym·

150 3124 669 3193 juvenalispotiusquamjurerid'saban-
717 3128 918 3196 piosspectasse,
931 3127 1168 3182 nondumannum
1176 3141 1234 3183 atu

156 3201 235 3271 tiquis
244 3201 342 3256 dictum
351 3202 391 3255 sit.
403 3203 483 3257 Multi
494 3214 595 3257 veteres
605 3204 669 3258 dant
717 3205 749 3258 tis
761 3205 915 3273 vigesimum
927 3205 1068 3274 adtigerat,
1083 3219 1131 3260 aut
1143 3209 1233 3261 omui-

161 3284 307 3335 Ostendens.
320 3281 445 3335 Heinsius
453 3283 596 3352 putatbuic
607 3302 667 3336 ver·
716 3285 1092 3354 no,admodumjuveniserat
1102 3288 1234 3356 Loquitur

157 3360 197 3414 sui
209 3359 417 3429 praeponendum
428 3380 482 3413 esse
495 3359 567 3413 illurn
578 3360 667 3428 quise·
716 3361 838 3429 Graecus,
856 3365 897 3416 cui
911 3363 976 3415 nihil
990 3365 1189 3419 memorabilius
1203 3365 1233 3418 il·

155 3437 264 3505 quitur,
276 3441 342 3491 AEle
353 3457 429 3491 sacra
437 3443 549 3504 positum
561 3449 609 3492 etc
714 3439 832 3494 lis-ludis.
846 3442 966 3511 Spatium
977 3441 1149 3511 interjectum
1161 3462 1231 3512 sepe

189 3519 663 3590 320.Ausones,antiquissimagens,
715 3528 879 3592 πενταετημς,
904 3519 965 3573 binc
987 3525 1177 3588 quinquennem.
1197 3550 1230 3562 -

153 3591 205 3647 late
215 3596 278 3649 olim
289 3617 337 3666 per
345 3607 427 3652 totam
437 3597 493 3651 lere
507 3598 606 3651 ltaliam
617 3598 665 3651 dis·
717 3598 813 3662 Quater
822 3599 1018 3663 Ele'depugaam.
1029 3598 1113 3652 Hunc
1121 3618 1229 3652 versum

154 3674 221 3728 susa.
238 3678 275 3729 H.
290 3677 306 3730 l.
320 3677 489 3748 intelligenda
506 3698 564 3748 pars
585 3679 664 3733 ltalise
712 3672 822 3739 Pffllme
833 3673 859 3724 ln
870 3673 942 3726 MSS
953 3674 1118 3728 habllumt'la
1129 3677 1231 3729 comfi-

155 3770 206 3818 ea,
224 3774 282 3823 quae
297 3769 385 3826 postea
401 3757 468 3812 dicta
487 3769 525 3812 est
542 3759 661 3826 Latium,
713 3749 763 3802 tuit
771 3749 864 3803 Heins-
878 3771 925 3820 pro
941 3755 1019 3805 Elelle
1029 3772 1125 3806 omnes
1139 3758 1227 3807 edere:

153 3828 227 3892 cujus
247 3836 434 3889 vetustissimus
454 3856 498 3889 m
518 3837 657 3900 Saturnus,
712 3828 874 3899 hincmagna
885 3831 1156 3886 lectionumvarietas.
1165 3834 1229 3886 Post

152 3903 221 3955 ultra
233 3926 313 3974 quem
331 3914 427 3969 ltalicae
444 3913 556 3984 origines
575 3927 601 3969 et
615 3916 662 3969 la-
711 3909 783 3963 ltunc
794 3930 915 3978 versum,
927 3913 955 3964 in
967 3932 1022 3964 uno
1033 3912 1160 3967 Leidensi
1172 3925 1229 3968 erat

152 3978 220 4032 bulae
236 4000 290 4036 non
311 3990 466 4056 procedunt.
485 3990 574 4061 Hujus
594 3992 661 4048 lilius
711 3990 777 4044 alter
789 3989 908 4046 additus:
921 3995 1230 4049 Gratsseratcmltset

151 4060 247 4121 Psfflr’
261 4060 351 4129 virssil.
362 4067 468 4123 AEnoid.
476 4070 548 4139 Vll,
562 4073 608 4139 48,
621 4074 660 4142 49.
709 4089 808 4128 munere
819 4074 1020 4139 digressurus.
