2760 4710
151 343 216 408 312

427 340 466 404 r.
495 339 671 433 ovrurr
703 338 930 408 ursonis

152 483 250 557 Misit
264 481 298 553 in
316 479 494 568 AEaciden,
513 480 605 580 quod
621 498 654 554 et
670 510 733 568 aes,
752 499 785 555 et
802 482 952 582 proxima
968 481 1062 584 rupit

150 602 257 693 Terga
275 625 401 671 novena
419 597 540 683 boum,
561 597 686 672 decimo
704 616 811 672 tamen
829 598 911 671 orbe
927 616 1101 673 moratum.

150 716 287 790 Excutit
305 715 369 788 boe
386 715 504 802 heros,
524 743 704 815 rursusque
722 716 894 790 trementia
912 717 993 789 sorti

151 833 232 908 Tela
248 861 346 917 uranu
366 833 485 907 torsit:
502 861 617 906 rursus
635 834 705 907 sine
723 832 857 906 vulnere
874 862 1018 935 corpus,

153 947 390 1044 Sincemmque
407 945 489 1032 suit3
508 973 568 1019 nec
585 946 681 1019 tertia
697 946 807 1045 cuspis
823 964 993 1045 apertum,

1173 981 1212 1017 too

153 1062 200 1135 Et
218 1090 251 1135 se
268 1059 468 1160 praebentem
486 1056 589 1131 valuit
607 1058 809 1153 destringere
827 1060 985 1158 Cycnum.

155 1177 258 1251 Haud
276 1204 371 1250 secus
389 1174 528 1261 exarsit,
548 1204 646 1275 quam
664 1177 751 1248 circo
767 1192 880 1248 taurus
897 1193 1033 1276 aperto,

155 1300 270 1394 Quum
287 1323 346 1368 sua
364 1292 503 1367 terribili
520 1294 606 1393 petit
622 1292 805 1366 irritamina
822 1321 943 1379 cornu,

154 1409 327 1484 Poeniccas
345 1426 470 1494 restes,
487 1405 641 1506 elusaque
661 1406 792 1479 rulnera
808 1406 918 1479 sentit.

156 1531 245 1601 Num
262 1544 370 1600 tamen
389 1525 545 1599 exciderit
562 1525 704 1611 serrum,
721 1524 927 1609 considerat,
943 1523 1074 1596 bastae?
1176 1542 1212 1595 ιώ

157 1645 313 1717 Haerebat
329 1641 445 1736 ligno:
465 1676 481 1706 «
498 1643 619 1714 lllanns
638 1659 688 1715 est
704 1670 776 1714 mea
795 1640 914 1714 debilis
930 1667 1030 1735 ergo;

159 1833 668 1905 mero,ll.11,247;r,2bq,etiamla-

159 1916 207 1968 tini
216 1924 314 1983 poete,
324 1923 354 1965 ut
362 1914 500 1981 Virgilius,
512 1913 618 1967 AEneid.
626 1916 666 1982 X,

160 1993 207 2062 783
215 2031 222 2056 ,
230 2010 438 2044 commemorare
447 1993 545 2057 solent,
557 1994 669 2062 quotia-

158 2071 244 2122 minas
254 2079 279 2121 et
288 2069 357 2121 coria
367 2068 473 2139 (κτύχας
480 2072 670 2124 Homerusro-

160 2150 219 2212 eat)
232 2147 314 2199 telum
324 2148 431 2200 missurn
445 2148 628 2214 penetraverit.
637 2177 671 2188 -

165 2226 268 2290 Pergam
278 2235 368 2276 amant
377 2235 460 2292 poetae
469 2243 516 2294 pro
525 2225 623 2294 vulgari
631 2245 671 2278 co·

161 2307 271 2353 rr'rrm.—
281 2303 462 2355 marmoree.
480 2302 672 2356 decimocorio.

162 2381 238 2448 Saepe
249 2384 332 2450 clypei
342 2385 424 2439 orbes,
438 2380 498 2434 binc
511 2382 590 2434 etiam
601 2381 672 2434 coria

162 2460 229 2512 circa
241 2459 361 2530 clypeum
374 2459 450 2511 ducta
460 2463 537 2512 orbes.
550 2459 603 2512 Pro
614 2462 673 2511 orbe

166 2536 493 2605 Cantabrigiensisetunus
501 2536 601 2587 lleinsii
609 2552 671 2593 ure.⁸

165 2615 307 2668 Vossianus
324 2623 351 2664 et
367 2611 489 2664 blenardi
507 2615 564 2664 orbe
578 2617 677 2666 resisti!

164 2691 213 2760 (in
224 2690 310 2759 Regiis
318 2688 475 2741 nostrisorbe
482 2690 673 2754 moratumest).

165 2771 296 2840 Expressit
308 2780 395 2821 autern
407 2768 533 2821 Nostrum
548 2780 573 2822 et
584 2770 673 2838 inpri-

164 2849 214 2901 mis
222 2847 340 2899 Vossian.
349 2855 376 2896 et
383 2845 505 2898 blenard.
515 2846 609 2900 codicis
621 2849 674 2903 lec-

165 2927 267 2979 tionem
288 2924 406 2988 Statius,
426 2923 510 2978 Theb.
530 2927 568 2979 lX
579 2967 586 2992 ,
610 2930 672 2994 104:

165 3005 292 3068 lnrorqaer
295 3001 426 3067 jaculum,
441 3006 501 3054 duro
513 3007 615 3071 quodie
627 3025 675 3058 aere

164 3090 292 3139 morarum,
300 3080 674 3153 Transmissemquelameucly·

160 3163 206 3225 μί
214 3162 284 3209 stelit
293 3160 351 3209 orbe
361 3163 477 3211 secundo.

198 3236 237 3307 98.
249 3236 361 3286 Excutit.
375 3236 445 3289 Ante
459 3237 599 3291 Heinsium
610 3234 673 3290 ede-

165 3316 241 3368 batur
251 3315 485 3386 ctcr'pr‘t-Regius
497 3328 585 3371 noster
594 3317 616 3370 Α
627 3336 673 3368 ex-

165 3399 248 3458 culr'!‚·
273 3394 370 3462 Regius
388 3396 411 3447 B
427 3402 528 3464 escrprl.
552 3398 675 3450 Decutere

165 3471 230 3524 dixit
250 3471 373 3540 Virgilius
392 3472 419 3524 in
438 3492 467 3524 re
482 3472 567 3524 simili.
583 3474 674 3524 Ed.-

164 3549 291 3600 Etcuterc
304 3547 428 3600 dicuntur
440 3547 560 3600 homines
574 3558 600 3599 et
611 3547 674 3602 ferre

165 3620 265 3687 hastas,
280 3623 348 3688 tela,
363 3623 490 3676 venabula
505 3622 583 3675 inlisa
595 3641 601 3674 z
614 3622 673 3677 vide

165 3699 306 3753 Heinsium
323 3711 349 3753 et
363 3701 557 3753 Burmannum.
570 3728 603 3740 -
615 3702 675 3754 ,tra-

164 3793 246 3828 cerum
258 3779 404 3831 Burmann.
417 3778 605 3846 interpretatur
618 3796 673 3830 non

166 3850 277 3906 tinctum
286 3895 293 3920 ,
302 3855 427 3909 loedatum
435 3856 567 3924 sanguine.
579 3855 673 3910 lllalim

166 3926 288 3997 illesum,
298 3946 326 3986 ut
333 3936 359 4001 1,
371 3956 425 4008 191,
433 3940 614 4004 parssr'rrcer03
624 3936 674 3991 Lu·

165 4003 275 4070 “elimo
293 4009 351 4075 lll,
369 4033 432 4080 717,
444 4017 553 4067 membra
567 4021 672 4069 srircera.

163 4085 288 4136 §lacerum
297 4087 460 4145 enimomne
472 4092 512 4159 id,
526 4094 597 4164 quod
608 4095 671 4150 vitio

716 1835 969 1901 caret-Apertum,
982 1832 1129 1899 inermem,
1141 1832 1216 1887 nuda-

717 1923 774 1964 tum
790 1911 885 1964 casside
900 1921 927 1964 et
942 1929 1040 1981 parma.
1051 1938 1086 1951 ··-
1097 1913 1218 1979 &prebet

718 1987 800 2054 quise
813 1987 943 2040 attractari
957 2009 963 2050 ;
983 1986 1034 2040 boc
1052 1987 1126 2052 loco,
1141 1987 1185 2057 qui
1196 2006 1216 2039 se

717 2064 787 2116 [eriri
796 2064 1034 2133 sinit-Virgilius,
1045 2064 1110 2118 AEn.
1118 2067 1157 2131 X,
1164 2068 1218 2132 3¹l·

718 2145 786 2193 latus
796 2145 881 2193 haurit
890 2153 1012 2208 apertum,
1029 2141 1056 2193 id
1065 2152 1165 2196 estnon
1173 2153 1220 2197 let·

722 2229 776 2270 tum
787 2218 885 2289 clypco.
898 2221 947 2270 Ed.

756 2314 809 2348 roa.
823 2293 1090 2351 Ilaudsecusexdrsr't
1098 2310 1146 2354 etr.
1160 2300 1221 2370 Apta

720 2386 747 2428 et
759 2376 885 2428 Romanis
896 2386 967 2444 grata
977 2380 1145 2446 comparatio.
1154 2380 1220 2433 Tau-

721 2453 1053 2523 rorumgenusquoddarn,
1066 2457 1218 2527 quumpuui·

720 2551 795 2584 reum
805 2533 967 2601 rubrumque
974 2535 1219 2591 coloremserrennn

721 2621 823 2678 posset,
836 2612 948 2665 restibus
961 2622 987 2665 et
998 2614 1056 2682 pilis
1069 2614 1146 2684 hujus
1155 2615 1221 2669 coto-

722 2693 755 2744 ris
764 2693 791 2743 in
803 2694 871 2745 circo
881 2696 1000 2763 expositis
1011 2698 1108 2752 irritari
1116 2698 1222 2761 solebatt

721 2769 848 2824 Martialis
858 2771 974 2840 Spectac.
990 2784 1057 2846 1921
1070 2778 1219 2837 sae-Circo,

721 2847 835 2900 claustris
846 2848 921 2914 cirri,
934 2869 1026 2918 cavea,
1040 2853 1067 2906 in
1078 2874 1158 2923 quam
1165 2872 1223 2908 eon·

721 2925 790 2978 clusa
798 2926 1160 2997 animalia-Utgladiatores
1165 2933 1223 2985 ictu

721 3001 859 3055 adversarii
871 3014 898 3056 et
909 3008 1014 3058 vulnera
1028 3011 1135 3063 eludunt
1145 3008 1224 3063 detli-

721 3081 827 3132 natione
839 3084 955 3150 corporis
968 3124 975 3147 ,
995 3085 1030 3138 ita
1042 3087 1124 3139 etiam
1136 3087 1168 3140 ab
1178 3086 1226 3140 istis

722 3156 912 3224 incitamentis,
926 3159 990 3212 dum
1006 3160 1106 3217 cedunt
1121 3161 1226 3216 irruenti

721 3244 814 3300 tauro,
826 3240 930 3289 vulnera
939 3242 1078 3300 eluduntur,
1093 3261 1149 3294 non
1161 3240 1226 3294 infli-

722 3325 821 3381 guntur
831 3317 1036 3372 vulnera—Pro
1047 3328 1126 3377 sentit
1136 3322 1226 3390 Regius

722 3402 810 3445 noster
822 3393 902 3447 codex
914 3397 937 3449 B
951 3396 1135 3464 babetseaesr't,·
1148 3400 1225 3463 male,

722 3481 829 3537 propter
837 3477 861 3524 τὲ
870 3472 1011 3539 precedens
1019 3478 1168 3542 petat-De
1177 3495 1226 3530 ror.

721 3551 859 3613 Poear'ceas,
869 3551 895 3602 id
905 3563 943 3604 est
951 3572 1105 3624 purpureas,
1116 3558 1169 3625 jam
1177 3574 1226 3609 non

721 3626 800 3678 semel
812 3625 918 3680 dictum.
931 3631 978 3681 Ed.

758 3707 811 3758 105.
822 3708 885 3759 Num
893 3712 1108 3762 tamerrercr'dcrr'!
1116 3722 1164 3763 etc.
1176 3707 1228 3763 Ad·

723 3781 889 3836 mirationem
905 3784 1010 3839 rlclrillis
1023 3787 1091 3840 bene
1104 3788 1227 3858 exprimit·

721 3860 806 3914 Simul
820 3882 908 3915 rerum
921 3863 953 3916 ab
966 3884 998 3917 eo
1010 3866 1220 3935 gestarum'indi-

721 3938 793 3993 culus
801 3939 916 4009 additur,
927 3955 956 3996 ut
965 3944 1019 4009 IX,
1032 3945 1077 3996 182
1087 3965 1144 4015 sqq.
1154 3941 1226 3999 cont

721 4019 806 4084 Xlll,
824 4040 865 4089 ¹7¹
878 4040 940 4089 sqq,
953 4032 979 4074 et
993 4021 1088 4089 Quint.
1106 4022 1225 4084 Calaber,

721 4096 771 4165 IV,
783 4102 829 4151 150
835 4119 890 4168 sqq.
899 4099 977 4169 Apud
987 4101 1140 4155 Homerum
1149 4099 1211 4170 ,lll
1217 4136 1223 4163 .
