2760 4710
591 350 779 420 INDEX·
1153 352 1221 447 559

152 508 252 583 Jupiter
263 510 291 562 iu
301 519 410 563 taurum.
712 510 728 563 J
731 526 840 562 orturus
853 507 882 561 iu
892 528 1000 565 termut.

153 590 251 663 Jupiter
263 590 292 642 iu
305 589 423 661 aquilam.
714 589 776 643 (loo
788 588 904 641 mulieres
918 601 1036 643 cornute.

152 669 250 742 Jupiter
263 668 292 721 in
303 687 420 741 cycnum.
710 667 800 720 Telehi
810 666 867 719 visu
880 667 967 719 omnia
978 680 1108 726 mutsntss.

152 748 251 820 Jupiter
264 747 292 798 in
304 759 424 818 sstymm.
711 746 801 820 Hyries
813 743 880 799 filins
893 745 921 797 in
934 762 1049 819 cycnum.

152 828 250 899 Jupiter
262 828 290 880 iu
302 825 519 900 Amphytriontm.
711 823 790 896 Hyrie
803 822 830 874 in
842 823 932 875 laeum.

152 906 251 979 Jupiter
262 905 290 957 in
303 924 399 958 aurum.
712 902 809 955 Combe
822 902 849 953 in
862 921 942 954 ovem.

152 984 251 1058 Jupiter
264 985 291 1036 in
307 984 403 1056 ignens.
711 978 798 1053 Fungi
811 980 839 1032 in
852 979 978 1034 homines.

152 1063 249 1135 Jupiter
262 1062 289 1114 in
302 1075 434 1134 psstorem.
712 1057 823 1112 Phineus
836 1058 864 1110 in
877 1077 957 1111 avem.

152 1141 250 1213 Jupiter
263 1140 290 1191 in
303 1152 450 1212 serpentem
711 1133 832 1208 Periphas
843 1135 871 1187 in
884 1154 963 1187 avem.

153 1211 285 1290 Neptunus
301 1217 328 1269 in
341 1218 486 1290 juvencum.
712 1214 912 1288 Polyphemonis
924 1212 979 1268 filia
991 1215 1020 1268 in
1030 1235 1110 1272 svm.

152 1297 284 1369 Neptunus
296 1296 324 1348 in
337 1296 465 1368 Enipeum
475 1290 590 1350 fluvium.
712 1297 805 1349 Medea
818 1296 850 1348 ad
861 1296 981 1369 AEgeum.

152 1374 283 1447 Neptunus
296 1374 324 1426 in
338 1375 448 1429 arietem.
713 1374 817 1428 Cerberi
828 1394 917 1447 spuma
927 1374 955 1427 iu
968 1375 1104 1431 aconitum.

152 1453 284 1526 Neptunus
297 1453 325 1505 in
338 1472 439 1524 equum.
713 1453 803 1507 Thesei
814 1465 890 1525 gesta.
970 1490 975 1498 ·

152 1531 284 1602 Neptunus
297 1530 325 1582 iu
337 1529 489 1605 delpbinern.
538 1540 540 1545 '
714 1528 827 1582 Scironis
838 1529 943 1584 latronis
956 1550 1012 1585 osse
1022 1531 1052 1584 in
1062 1532 1185 1607 scopulos.

152 1607 244 1680 Apollo
257 1608 285 1660 in
297 1621 429 1682 pastorem.
713 1608 809 1662 Minois
818 1609 914 1662 bellum
927 1611 955 1662 in
965 1611 1138 1668 Athenienses.

153 1687 244 1761 Apollo
257 1688 285 1740 iu
299 1689 447 1763 accipitrem.
714 1686 829 1740 Sithonis
841 1688 869 1739 in
882 1689 1052 1742 monedulam.

154 1765 246 1838 Apollo
259 1766 288 1818 iu
299 1766 407 1819 leonem.
714 1764 811 1836 AEgins
824 1765 907 1820 insula
918 1785 975 1836 quse
989 1779 1013 1818 et
1023 1767 1137 1821 OEuonu

153 1845 269 1900 Bacchus
282 1846 310 1899 in
321 1867 404 1900 uvam.
713 1841 789 1893 AEaci
801 1840 857 1895 lilii.

155 1925 279 1980 saturnu,
295 1927 322 1978 in
335 1947 435 1998 equum,
714 1919 838 1973 Formiore
852 1921 880 1972 in
893 1920 1017 1977 homines

154 2004 239 2057 Niobe
252 2005 280 2056 in
292 2023 410 2058 marmor.
714 1999 792 2052 Pestis
805 1999 945 2072 dutriptio.

154 2083 251 2136 Niobes
263 2081 375 2140 liliorum
390 2104 465 2138 mors.
715 2076 839 2150 Cephalus
848 2075 976 2132 Procridis
988 2081 1093 2135 neritus
1104 2083 1133 2135 in
1147 2082 1224 2136 stiam

153 2159 305 2231 Amphionis
320 2161 406 2215 esitus.
746 2155 862 2230 liguram.

153 2239 225 2310 Lycii
237 2240 323 2293 rustici
335 2241 456 2296 insanas.
713 2236 807 2309 Vulpes
822 2235 1045 2293 remisissem.

153 2315 259 2370 Marsias
272 2317 299 2369 in
314 2316 428 2372 lluvinrn.
712 2309 840 2365 Providit
853 2331 928 2366 mort·

154 2394 287 2449 Eburueus
298 2395 399 2470 Pelopis
411 2396 536 2452 humenis.

154 2473 246 2527 Tereus
259 2475 286 2526 in
299 2495 417 2549 upupam.
853 2471 983 2526 LIBER
998 2473 1084 2532 Vlll.

154 2551 256 2625 Progne
270 2555 298 2606 in
310 2554 480 2608 hirundinem.

154 2629 295 2686 Philomela
306 2634 334 2687 in
344 2634 487 2688 lusciniam.
713 2626 792 2681 Nisus
802 2627 830 2679 iu
840 2624 960 2680 heliseum
972 2647 1052 2683 mem.

155 2710 281 2783 Orithyire
293 2726 384 2787 raptus.
715 2704 799 2778 &51¹³
813 2706 840 2757 in
853 2705 941 2778 (lyrim
952 2726 1031 2761 tvm·

156 2784 227 2841 Zetes
239 2802 263 2841 et
275 2790 358 2844 celsis
370 2790 436 2845 atui
714 2782 784 2836 Muri
796 2782 902 2837 voesles.

381 2928 384 2936 ‚
713 2861 863 2935 labyrinthi
874 2861 999 2917 Cretensis
1011 2862 1151 2937 descriptio.

306 2944 429 2999 LIBER
453 2944 519 3000 Vll,
714 2937 835 2993 Ariadnae
846 2960 940 2993 corona
951 2942 979 2993 in
990 2942 1067 2996 sidus.

713 3017 814 3070 Daedali
826 3018 930 3072 volatus.

156 3099 280 3153 Draconis
291 3101 375 3154 dentes
385 3103 412 3154 in
425 3103 539 3159 homiues
551 3118 665 3160 trutttot.
712 3095 791 3148 T²l¹¹⁵
797 3115 858 3170 1)uer
865 3115 939 3149 ’Μ
947 3096 1084 3170 ώθῖῑῖφθ
1093 3099 1224 3165 immi

155 3178 256 3231 Jssonis
267 3178 295 3230 in
307 3177 413 3233 Colchos
425 3182 555 3254 expeditio.
747 3174 774 3225 in
787 3175 922 3248 perdicem.

156 3255 248 3310 Phinei
261 3256 393 3310 calamitas.
713 3254 833 3307 Dedalus
846 3255 877 3308 ad
890 3255 1019 3309 Cocalum.

155 3334 254 3389 Medete
265 3355 368 3389 amores.
713 3335 777 3406 Apri
791 3334 928 3407 Calydonii
938 3336 1079 3408 descriptio.

156 3406 234 3467 Tauri
247 3415 333 3486 iguem
348 3409 468 3469 efflantes.
503 3434 505 3439 ⁴
714 3413 838 3467 Atalsntte
850 3415 941 3477 forma

156 3489 290 3566 Pervigilis
302 3493 426 3546 Draconis
439 3512 520 3567 sopor.
715 3493 812 3546 Althere
824 3494 911 3547 fratres
925 3513 940 3545 a
953 3490 1082 3564 Meleagro
1094 3490 1159 3546 eut

155 3570 239 3624 AEson
252 3592 281 3624 ex
293 3591 351 3625 sene
362 3572 467 3642 iuvenis.
590 3627 595 3637 ⁴
715 3574 797 3648 Stipes
809 3574 835 3626 in
848 3596 899 3646 quo
911 3572 1034 3645 Meloegri
1046 3572 1105 3626 rita.

157 3651 249 3703 Aridus
262 3649 335 3702 olivre
348 3669 432 3704 remus
444 3650 471 3702 in
484 3650 600 3704 viridem.
713 3651 837 3725 Meleagri
851 3672 925 3705 mors.
1015 3668 1020 3682 ¹

156 3725 240 3781 (tutte
252 3746 324 3798 aquas
335 3728 361 3780 iu
373 3725 453 3782 flores.
714 3730 838 3802 Meleagri
847 3749 942 3783 sorores
951 3729 979 3780 in
988 3749 1045 3802 ayss
1052 3729 1224 3804 mebsgridss.

155 3806 271 3859 Nutriees
281 3805 376 3859 Bacchi
389 3828 418 3860 ex
428 3806 517 3860 vetulis
529 3806 638 3879 juvenes.
711 3803 861 3862 Naiadesin
872 3810 1014 3863 Eebinsdas
1024 3810 1126 3865 insulas

156 3886 228 3939 Aries
240 3885 310 3939 senio
321 3889 447 3942 conlectus
458 3888 487 3944 iu
498 3906 600 3959 agnum.
713 3889 837 3942 Perimele
848 3889 959 3963 nympha
973 3891 1000 3942 iu
1011 3891 1128 3946 insulem.

155 3957 232 4015 Pelioe
245 3963 331 4018 cedes.
714 3967 844 4040 Oppidum
856 3968 883 4020 iu
897 3966 1020 4040 stagnum.

156 4040 293 4094 Cerambus
309 4042 335 4093 in
348 4061 428 4100 arem.
714 4047 811 4119 Jupiter
822 4067 879 4100 eum
890 4049 1018 4105 Mercurio
1028 4051 1057 4105 iu
1068 4050 1190 4107 honines

156 4118 240 4172 Draco
254 4120 389 4173 insanum.
656 4158 691 4201 ρ
715 4123 781 4178 Casa
795 4124 823 4177 ἱι
834 4126 962 4200 ternplum.
