2760 4710
151 272 218 342 368
420 270 461 335 P.
488 267 675 336 OVIDII
700 266 941 337 NASONIS

152 415 222 488 Ora
237 435 335 497 sono;
350 435 456 508 neque
475 406 569 480 abest
586 405 735 479 facundis
753 407 856 501 gratia
875 406 992 480 dictis:

156 561 173 591 «
194 524 229 597 Si
246 551 317 596 mea
332 550 406 595 cum
420 518 539 593 vestris
552 517 733 592 valuissent
748 539 841 606 vota,
859 519 1008 615 Pelasgi,

151 645 228 715 Non
244 637 329 712 soret
344 636 520 731 ambiguus
539 636 622 707 tanti
640 635 828 709 certaminis
844 635 966 723 haercs3

152 755 270 854 Tuque
288 750 354 823 tuis
371 748 490 835 armis,
509 777 571 821 nos
591 766 622 820 te
638 766 844 849 poteremur,
864 747 1017 823 Achille!
1167 772 1207 823 rto

153 871 263 966 Quem
280 865 436 967 quoniam
451 892 520 938 non
539 892 631 964 aqua
647 864 728 937 mihi
744 863 906 963 vobisque
923 880 1091 959 negarunt

151 988 232 1059 Fata
248 988 434 1081 (manuque
452 978 550 1053 simul
569 978 669 1052 veluti
687 977 898 1079 lacrymantia
917 980 1012 1053 tersit

152 1100 335 1191 Lumina);
352 1095 427 1196 quis
443 1122 563 1191 magno
580 1092 697 1167 melius
715 1095 868 1169 succedat
886 1094 1030 1183 Achilli,

154 1219 265 1313 Quam
283 1240 343 1312 pcr
362 1240 460 1311 quern
475 1238 615 1305 magnus
631 1208 755 1283 Danais
772 1210 927 1282 successit
943 1208 1120 1286 Achilles?

154 1332 243 1407 lluic
257 1329 409 1404 modone
423 1328 548 1429 prosit,
565 1324 672 1426 quod,
687 1343 724 1398 ut
734 1342 804 1414 cst,
819 1324 920 1398 hebes
930 1326 1209 1419 csscvidctnr3135

154 1454 245 1525 Neve
261 1447 344 1522 mihi
360 1463 495 1533 noceat,
513 1443 604 1544 quod
623 1444 719 1516 robis
737 1471 883 1542 semper,
903 1442 1045 1531 Achivi,

155 1565 287 1641 Proluit
305 1563 494 1658 ingenium:
511 1589 647 1661 areaque
664 1559 731 1633 haec
748 1558 919 1645 facundia,
937 1560 966 1631 si
984 1588 1052 1660 qua
1069 1578 1141 1651 est,

156 1685 242 1779 Qua
260 1706 347 1753 nunc
362 1705 424 1778 pro
442 1675 595 1760 domino,
612 1703 675 1776 pro
692 1673 787 1748 vobis
804 1701 889 1775 saepe
907 1672 1018 1750 locuta
1035 1693 1107 1765 est,

156 1797 284 1890 Inuidia
300 1808 406 1867 careat
422 1820 430 1863 ε
447 1791 536 1864 bona
553 1817 613 1863 nec
631 1818 689 1865 sua
706 1791 845 1891 quisquc
861 1808 999 1866 rccuset.

157 2008 242 2072 Neque
252 2007 325 2055 abest
335 2012 382 2054 etc
394 2001 563 2054 Burmannus
573 2008 661 2069 putat,
709 2001 770 2067 bat,
786 2006 909 2065 occessit,
920 2011 945 2055 at
955 1996 1032 2055 larile
1046 2000 1137 2055 doceri
1146 2010 1212 2073 pote·

156 2081 211 2134 boc
222 2099 237 2132 a
249 2078 403 2148 Propertio,
417 2079 445 2143 1,
456 2094 492 2142 ιι,
508 2096 553 2148 29,
564 2085 662 2129 sumta:
710 2090 763 2143 rat,
776 2082 906 2132 succedam
916 2079 1019 2131 centies·
1027 2081 1095 2148 poni
1104 2098 1165 2150 pro,
1174 2098 1211 2133 ae-

156 2180 203 2213 nec
212 2160 406 2225 desiljucuudr's
414 2162 498 2225 patro
508 2158 605 2221 serbis,
616 2155 664 2207 ita-
709 2156 817 2213 cedere:
828 2157 903 2210 obvia
912 2158 984 2210 enirn
993 2169 1059 2212 scrut
1069 2158 1126 2223 illa,
1134 2176 1212 2211 mse·

157 2257 208 2308 que
216 2248 242 2291 et
249 2238 284 2290 ibi
294 2235 367 2288 malit
371 2234 572 2304 sercusdc'sssine
580 2251 664 2286 carisa.
710 2238 861 2296 dereautro,
875 2256 955 2297 muro,
970 2239 1042 2302 urbe’,·
1056 2247 1084 2289 ct
1093 2236 1150 2303 Xl,
1160 2238 1210 2303 ida,

156 2315 265 2369 -fficir
278 2324 365 2366 autem
375 2312 481 2385 Ulysses
492 2312 609 2364 oratione
621 2330 663 2364 ae-
710 2315 840 2365 succedere
848 2331 918 2379 aque
931 2333 938 2364 :
951 2313 1031 2381 igitur
1049 2324 1077 2367 et
1091 2332 1162 2367 nunc
1171 2314 1212 2367 ia·

157 2394 248 2463 quenti
258 2390 416 2460 composite,
428 2388 580 2453 moderate,
594 2386 664 2440 calli·
710 2388 787 2458 tellig.
800 2407 851 2457 quo
864 2400 968 2441 auctore
984 2409 1104 2443 numero
1115 2390 1212 2445 Greco-

156 2473 203 2539 de,
216 2481 244 2526 et
257 2471 302 2524 ubi
318 2470 405 2539 Aiacis
421 2468 548 2521 nonnulla
564 2477 591 2519 et
605 2466 662 2518 cri-
710 2467 878 2519 rumarcessit
887 2466 1006 2520 Achilles.
1013 2468 1212 2523 Etdeiudustsie

155 2552 228 2604 mina
236 2560 263 2603 et
270 2557 424 2618 argumenta
430 2545 518 2610 diluit,
531 2562 610 2611 opera
616 2563 662 2596 sua
711 2546 759 2599 hoc
772 2545 842 2597 idem
853 2546 962 2599 verbum
981 2549 1147 2617 repetitum,
1159 2548 1213 2619 quia

155 2629 266 2682 mirifice
280 2635 392 2679 enarrat.
709 2624 780 2691 quasi
793 2624 845 2674 vim
858 2624 1005 2691 argumenti
1018 2624 1108 2679 babet.

190 2710 244 2759 ra8.
255 2708 346 2757 Ss'mea
357 2721 412 2754 cum
425 2704 515 2752 vesunt
527 2708 575 2753 etc.
591 2699 663 2752 lnci-
746 2703 799 2754 135.
805 2705 875 2754 Hus'e*
886 2705 958 2754 modo
966 2713 1015 2755 etc.
1024 2702 1088 2755 vide
1097 2702 1128 2756 ad
1138 2702 1213 2767 redd·

155 2785 262 2853 pitcum
271 2782 314 2851 pio
322 2790 397 2844 voto,
410 2778 456 2829 sibi
467 2788 493 2829 ct
502 2776 662 2829 auditoribus
709 2782 849 2840 -Ilcbes,
869 2778 1007 2832 destitutus
1023 2784 1141 2846 superio,
1159 2778 1213 2833 be.

155 2859 306 2921 communi,
321 2855 399 2924 idque
413 2854 479 2907 sectis
495 2853 559 2906 adeo
572 2854 662 2925 larry-
709 2855 847 2924 prudentia
856 2867 881 2907 et
890 2855 1023 2922 facundia,
1033 2869 1213 2924 quamnim·

155 2941 204 2992 mis
215 2937 362 2990 confirmat.
373 2963 406 2974 -
424 2937 570 2986 Vatuuseas
583 2946 658 2997 vom
709 2952 759 3002 quc
767 2934 889 2985 virtutem
899 2933 1139 3004 Ulyssisspreverat
1146 2934 1212 3001 Aiax.

155 3016 213 3069 vide
226 3014 257 3067 ad
270 3035 306 3067 vs.
317 3013 658 3085 89.—Nonsoret...haerss,
708 3038 741 3049 -
761 3014 877 3073 metum·
897 3029 965 3063 unus
982 3010 1060 3063 Basil.
1077 3016 1153 3065 hedes
1163 3028 1215 3065 esse

155 3115 209 3148 nou
229 3093 419 3161 ambigeretur,
443 3090 499 3158 quis
518 3089 661 3157 possideret
701 3086 1114 3157 serretur.utsitgroecism.quem
1125 3090 1213 3143 Heius

152 3175 196 3229 illa
208 3192 297 3237 arma,
315 3170 347 3222 de
360 3169 453 3238 qrribus
464 3168 517 3236 jam
530 3179 659 3233 rectatur,
707 3168 831 3233 illustrat,
844 3178 871 3220 et
883 3169 963 3237 qualis
974 3188 1035 3220 mos
1048 3190 1073 3221 v.
1090 3172 1136 3236 ida
1148 3188 1156 3221 ι
1166 3180 1213 3223 sst-

154 3268 268 3322 quorum
276 3247 489 3313 haeresdjaxesse
497 3264 591 3315 magna
599 3262 660 3296 con·
707 3250 766 3298 tuli!
774 3266 829 3300 esse
840 3250 913 3300 Jove}
921 3267 1053 3314 pronepos.
1071 3248 1148 3319 Regii
1161 3246 1214 3303 cod.

153 3330 272 3385 tentione
286 3327 349 3379 vult.
360 3328 543 3378 -Poteremur
553 3323 660 3391 antique
708 3327 821 3383 scelerum
840 3322 885 3375 scd
902 3343 974 3392 paene
992 3326 1101 3379 mallem
1113 3326 1215 3393 latete.

153 3430 218 3481 pro,
232 3412 384 3476 posthum
404 3404 462 3456 vide
480 3403 619 3455 Heinsium
634 3411 660 3454 et
709 3403 866 3456 Et-tttam
878 3415 966 3456 autem
979 3405 1130 3459 facundiam
1139 3406 1216 3477 Ulys-

153 3488 440 3549 Burrnannum:po!1‘ri
447 3500 531 3547 nunc,
544 3481 596 3544 uti,
605 3497 661 3548 pos·
707 3498 747 3531 ses
761 3491 788 3531 et
806 3479 928 3548 preclare
947 3482 1121 3536 commendat
1134 3502 1141 3536 ε
1153 3482 1219 3551 qul

153 3564 372 3631 sidere-Tuque
382 3561 599 3613 suis...Act1·tte.¹
612 3556 660 3610 hac
708 3562 779 3611 vobis
789 3577 885 3623 semper
889 3560 1002 3624 profuit.
1019 3581 1074 3627 pue
1084 3581 1133 3627 pra
1147 3562 1216 3613 utus

154 3643 309 3714 apostrophe
330 3641 430 3694 animos
452 3636 601 3690 auditorum
627 3635 659 3687 ad
708 3655 771 3701 sepe
781 3639 866 3688 locuta
876 3646 927 3691 est.
942 3647 969 3688 ct
982 3636 1121 3703 modeste,
1132 3644 1216 3707 siqu

155 3724 247 3776 llctum
260 3721 374 3775 inclinat.
385 3721 434 3772 Ed.
443 3718 588 3773 —Melr'us,
601 3734 660 3767 mc·
708 3723 758 3773 est,
773 3726 847 3779 turn,
865 3718 931 3767 bona
944 3736 990 3768 nec
1003 3737 1052 3769 sua
1070 3718 1155 3788 (qun
1165 3719 1215 3789 ipse

155 3800 218 3851 liore
230 3802 297 3868 jure.
316 3799 416 3864 Tanaq.
428 3794 513 3848 Faber
524 3793 660 3846 neminem
708 3792 755 3845 sibi
764 3791 844 3860 secet.
859 3793 974 3860 Paravit,
989 3813 1044 3847 non
1063 3808 1153 3849 auteur
1165 3816 1216 3849 na-

155 3890 247 3931 uatum
262 3879 453 3942 arbitrabatur,
470 3894 484 3927 a
502 3894 555 3944 quo
572 3873 660 3927 doceri
708 3881 766 3923 tura
776 3872 800 3923 ei
812 3872 901 3924 tribuit
912 3878 921 3934 )
931 3879 1034 3941 quasque
1045 3876 1216 3945 (quisquam)

156 3965 256 4019 posset,
269 3955 331 4023 quid
339 3956 386 4008 sibi
396 3954 444 4007 boc
454 3952 545 4019 veltet,
558 3954 661 4004 Danaes
708 3962 814 4010 meuses.
827 3962 928 4005 rccuset
943 3952 974 4004 iis
988 3954 1035 4005 uti.
1048 3982 1083 3994 -
1094 3960 1218 4009 lto-tm

153 4035 276 4082 successit
289 4034 418 4093 Aebr'lles,
441 4032 527 4101 itaque
545 4030 661 4099 corrige·
701 4028 847 4095 facundie,
861 4039 889 4082 ut
900 4032 1016 4083 dometius
1031 4038 1097 4083 artr's
1113 4034 1139 4097 1,
1154 4034 1216 4099 Sal,
