2760 4710
170 349 210 437 7⁸
444 346 482 408 u.
517 343 695 409 0v1n11
722 341 946 410 nnsonrs

168 519 184 549 »ι
207 481 369 556 Cursibus
386 479 533 578 obliquis
549 479 636 550 intra
654 495 712 552 tua
726 509 830 574 regna
847 479 1018 554 fluentum.

168 635 184 663 »
204 601 273 671 Nec
290 624 389 692 gener
405 595 546 668 extemis
563 594 685 693 hospes
702 595 764 668 tibi
780 596 901 669 missus
918 596 959 670 ab
977 597 1065 683 oris,

168 747 183 776 »
204 713 270 786 Sed
288 709 458 814 popularis
475 738 550 798 ero,
570 727 604 783 et
617 739 728 783 rerum
744 739 821 810 pars
839 740 904 784 nna
923 728 1064 785 tuarum.
1194 747 1228 784 oo

167 864 182 893 »
202 830 347 900 Tantum
367 854 409 899 ne
424 843 559 912 noceat,
578 825 670 925 quod
690 855 742 898 me
758 855 819 898 nec
838 827 927 921 regia
943 829 1035 900 Juno

168 978 183 1007 u
205 942 308 1028 Odit,
327 961 361 1017 et
378 943 486 1016 omnis
502 943 596 1016 abest
611 942 776 1039 jussomm
793 969 892 1040 poena
907 941 1069 1015 laborum.

166 1094 183 1123 »
203 1061 287 1134 Nam
306 1059 397 1160 quod
413 1076 444 1133 te
460 1059 562 1158 jactas
579 1055 735 1130 Alcmena
752 1072 854 1127 matre
870 1072 1033 1142 creatum3

167 1211 183 1239 »
201 1175 359 1276 Juppiter
375 1193 433 1265 aut
449 1172 552 1247 salsus
564 1190 659 1272 pater
676 1186 746 1256 est,
763 1187 820 1242 aut
837 1169 973 1241 crimine
990 1197 1102 1242 verus:

165 1325 181 1355 »
202 1292 322 1365 Matris
340 1289 501 1364 adulterio
519 1304 645 1388 patrem
663 1285 771 1386 petis:
787 1282 869 1378 elige
887 1284 999 1358 fictum
1194 1310 1227 1360 αξ»

164 1441 181 1471 »
202 1409 284 1480 Esse
298 1407 415 1479 Jovem
431 1401 544 1488 malis,
560 1429 601 1474 an
617 1418 648 1474 te
665 1429 725 1500 per
740 1399 883 1474 dedecus
898 1419 1017 1474 ortum.
1035 1434 1052 1466 n

159 1521 253 1595 Talia
269 1522 430 1594 dicentem
445 1517 638 1617 jamdudum
654 1514 778 1589 lumine
795 1533 891 1589 torvo

158 1704 207 1754 pro
218 1684 340 1753 simplici,
353 1701 412 1736 sum
423 1700 485 1746 rer,
501 1680 561 1750 quia
576 1699 666 1734 coram
714 1680 746 1734 ad
759 1680 844 1732 nullos
857 1698 976 1749 uuquam
985 1680 1086 1733 iabores
1097 1680 1223 1735 condem·

159 1763 214 1816 hnc
237 1760 345 1815 dicebat.
365 1788 401 1799 -
419 1761 538 1812 Cursibus
559 1763 666 1828 obliquis
716 1767 871 1810 natussum.

157 1851 261 1892 tantum
273 1848 381 1890 ornatus
392 1855 467 1890 cansa
477 1835 605 1889 additum.
747 1839 785 1889 ²3.
802 1841 868 1889 Nam
879 1838 950 1903 quod
957 1844 983 1888 te
994 1847 1042 1889 etc.
1061 1836 1221 1890 Diiemrnste

193 1937 230 1989 ¹9·
253 1918 306 1968 Nec
322 1934 397 1983 mer
414 1919 504 1981 hospes
522 1926 570 1968 etc.
593 1912 665 1968 Cum
712 1916 856 1969 admodum
869 1917 979 1968 molesto
996 1917 1092 1984 premit
1111 1916 1222 1969 Hercu-

156 1997 254 2060 hosps'lc
271 1993 323 2045 sive
346 1993 447 2046 advena
464 1993 664 2045 matrimonium
713 1993 773 2044 iem.
786 1992 972 2045 Namaiterum
982 1993 1065 2044 mutto
1075 1993 1222 2045 minusno·

156 2070 223 2123 inire
235 2088 369 2123 summum
382 2069 494 2123 dedecus
505 2069 573 2138 apud
587 2068 664 2122 Grae-
711 2074 872 2137 cet-Quod
883 2079 924 2134 te,·
937 2070 1068 2123 secundus
1080 2071 1220 2136 Palatinus,

155 2166 206 2201 cos.
219 2146 306 2201 Etiam
318 2147 346 2200 in
359 2145 608 2215 tr'be‘misseseliquid
617 2146 664 2197 in-

156 2224 231 2279 vidie
244 2236 299 2287 est;
312 2236 338 2278 et
349 2231 401 2279 oris
414 2225 569 2279 contemtim
583 2222 662 2275 addi-

157 2311 231 2367 tum,
256 2302 328 2370 quasi
348 2302 479 2367 nemiret,
505 2298 575 2354 unde
595 2309 663 2352 esset

156 2377 482 2448 Hercules-Populum,
498 2382 607 2445 δημέτης,
617 2377 662 2445 qui

155 2466 193 2509 est
204 2457 323 2526 ejusdem
335 2456 432 2528 popuii.
451 2482 485 2496 -
496 2457 589 2506 Rerum
602 2461 663 2505 tua-

154 2548 222 2599 rum,
249 2539 323 2609 regni
336 2539 392 2601 tui,
410 2531 661 2606 utV11,Sop:sed

155 2617 322 2680 Gronovius,
340 2612 477 2668 Observat.
495 2612 544 2676 tv,
557 2630 582 2680 p.
595 2610 659 2679 706,

153 2714 193 2746 res
205 2694 324 2747 hocloco
336 2688 659 2759 interpretatursubditos:

153 2772 190 2824 sic
200 2789 279 2834 sane,
291 2768 363 2832 Vll,
377 2769 442 2832 522,
455 2784 535 2834 perse
550 2766 659 2821 Hes-oid.

155 2848 207 2912 111,
215 2848 257 2912 to,
263 2849 418 2911 patn'epars
428 2862 474 2911 ego
483 2864 576 2912 magna
582 2861 657 2907 m,

152 2925 234 2989 intra,
244 2925 299 2989 XI,
310 2923 372 2988 216,
377 2925 660 2990 paremililiae.-Ura,·

711 2167 759 2215 quo
774 2151 822 2202 te?
837 2166 898 2199 cum
914 2157 976 2198 nota
989 2146 1220 2215 interrogationis:

712 2225 810 2294 Regius
827 2225 866 2290 A,
882 2242 949 2292 prm·
968 2225 1066 2295 Regius
1085 2225 1124 2290 B,
1137 2227 1221 2292 qnod:

710 2302 1221 2371 hocpraenantiusvidetum-Jac-

710 2389 768 2441 tus,
781 2380 861 2447 dicis,
875 2381 970 2434 fateris.
978 2408 1011 2421 -
1019 2362 1128 2439 Falsus!
1137 2379 1220 2433 fictus.

712 2460 816 2526 Etiam,
833 2460 862 2526 1,
879 2463 940 2530 754,
946 2460 1036 2528 falses
1047 2464 1160 2527 (endor.
1174 2459 1220 2513 sed

711 2535 753 2588 ΠΙ
763 2575 770 2601 ,
786 2536 834 2588 558
846 2575 853 2600 ,
875 2535 1018 2606 elegantius
1028 2539 1162 2588 adsutum
1168 2554 1221 2603 pa-

709 2622 753 2666 ler.
772 2641 805 2654 -
825 2619 924 2669 Crimen
945 2616 1039 2684 passim
1052 2615 1167 2668 absolute
1186 2614 1219 2668 de

710 2691 845 2746 adulterio.
866 2693 906 2746 Ut
918 2693 1046 2746 Hercules
1057 2695 1154 2747 sentiat
1165 2693 1218 2745 vim

709 2788 817 2823 omnem
828 2770 977 2839 opprobrii,
991 2771 1141 2824 clarioribus
1153 2769 1218 2824 v'er-

709 2849 747 2902 bis
755 2851 865 2919 repetit,
877 2852 1156 2904 Hatn'sadullerebetr.
1165 2868 1219 2903 ma·

710 2931 846 2984 tremiscis
856 2929 1015 2993 adulteram,
1029 2939 1058 2980 ut
1067 2929 1164 2981 Jovem
1173 2949 1219 2999 pa·

154 3001 322 3054 Loraniensis
331 3041 338 3066 ,
348 3006 502 3068 parspn'ra,
516 3001 542 3053 id
549 3011 588 3055 est
597 3018 661 3070 ρω-
709 3019 776 3060 trem
789 3007 891 3059 habens.
907 3005 1080 3074 Capoierreus
1095 3012 1216 3063 matrim.

153 3079 223 3148 pria,
245 3078 314 3148 quod
327 3078 497 3132 Burmannus
508 3097 563 3131 non
576 3078 660 3133 eredit
702 3089 771 3151 petis
783 3101 829 3151 per
847 3081 1082 3150 interrogationem
1095 3082 1216 3137 efferen-

153 3158 185 3210 ab
196 3156 303 3209 indocto
315 3155 422 3209 librario
438 3157 601 3225 profectum
620 3156 657 3209 ita
706 3157 771 3210 dum
783 3159 1004 3224 censet—Elige,
1025 3167 1117 3210 utrum
1122 3161 1216 3227 fictore

151 3234 225 3287 ilium
238 3232 340 3298 dicere,
356 3254 383 3288 se
397 3244 482 3287 totum
495 3252 549 3287 esse
562 3233 658 3302 ineius
706 3246 807 3305 petrem
822 3236 975 3287 esselorem
987 3239 1076 3293 maloi,
1099 3247 1147 3290 etc
1162 3238 1216 3291 Pro

151 3311 657 3383 regnoetditione.VerumOvidiusnoo
695 3314 787 3379 fictum
798 3310 930 3363 Junianus
944 3312 1040 3380 repetit
1046 3311 1157 3378 salsum.
1175 3314 1215 3366 lu

151 3390 656 3462 amatobsoleta.Regiinost'ri,persm.
705 3400 732 3442 et
744 3390 826 3442 nostri
840 3389 924 3459 Regii.
936 3416 970 3430 —
981 3394 1114 3453 Dedecus,
1134 3390 1215 3444 adui-

184 3490 223 3522 21.
248 3471 354 3521 Tantum
364 3477 508 3529 reuocent,
527 3478 576 3520 etc.
588 3464 657 3519 setis
706 3467 819 3533 terium,
834 3478 864 3519 ut
875 3467 918 3534 ll,
933 3469 988 3538 473.

151 3546 242 3600 acerbe
254 3544 396 3615 respondet
408 3556 435 3599 et
445 3544 478 3597 sd
490 3561 581 3597 rerum
593 3560 656 3613 ges-
714 3562 724 3581 e
737 3568 776 3617 ²7·
783 3551 938 3600 Iamdudum
946 3590 953 3608 ‚
961 3550 1097 3602 continuo.
1107 3547 1158 3600 Vix
1168 3568 1214 3602 ex-

152 3636 239 3677 iarum
252 3625 362 3694 gioriam
378 3633 405 3675 ei
416 3621 448 3675 ad
461 3621 564 3691 generi}
574 3619 657 3672 miii·
703 3640 819 3699 spectare
831 3639 916 3698 postest
929 3629 1011 3682 finem
1029 3628 1163 3681 omioni&
1182 3656 1215 3669 ..-

151 3696 656 3764 lii²¹⁸ffl·D0¹¹‘'⁶·1·?lV5d⁰²dssr4²·
709 3708 787 3759 Tmo
806 3707 896 3776 (quod
917 3709 984 3760 bene
1008 3706 1105 3759 habent
1128 3707 1212 3760 nostri

150 3782 391 3842 -Poeaalabvfflm.
402 3778 657 3848 iabvmpmiow
705 3784 814 3851 Regin:
830 3783 980 3848 Leidensis,
996 3791 1079 3845 torto,
1101 3794 1147 3848 ut,
1167 3782 1212 3847 ΙΙ,

151 3855 280 3924 impositi,
292 3877 346 3910 non
355 3868 447 3927 sponte
456 3856 655 3925 susceptiBone
706 3865 768 3931 787,
788 3866 912 3931 obliquum
932 3866 1028 3922 lumen,
1051 3861 1122 3930 quod
1137 3862 1213 3914 Bur-

152 3944 241 3986 autem
255 3956 356 4003 penam
374 3946 518 4001 memoret,
530 3947 557 3990 et
568 3938 659 4004 jussos
704 3958 818 3995 mannus
830 3952 964 4011 comparat
976 3961 982 3994 ι
995 3952 1022 3994 at
1039 3942 1073 3993 ibi
1091 3941 1124 3993 de
1139 3942 1209 3994 invi-

150 4007 266 4077 labores,
280 4015 382 4082 quiasic
390 4015 520 4068 minuitur
526 4014 657 4085 gloriose·
704 4018 764 4083 dia,
778 4038 849 4073 nunc
861 4020 894 4072 de
904 4021 941 4071 iro
951 4038 1038 4072 sermo
1047 4018 1214 4072 cst-Bene

150 4096 245 4146 torum.
255 4119 289 4134 -
301 4094 390 4147 Omnis
399 4097 473 4150 abest
483 4112 499 4148 s
509 4113 636 4164 mepaera
644 4114 655 4163 ,·
704 4096 877 4164 rorsoetc'ter5
888 4097 963 4151 sortis
976 4097 1048 4152 euim
1062 4094 1143 4149 animi
1156 4107 1211 4159 est,
