2760 4710
70 270 77 283 ’
155 308 222 422 374'
434 328 473 390 n
499 326 674 393 ovrun
698 324 925 393 uasoms

154 470 227 541 Rex
240 464 336 564 jubet
352 464 488 565 incoepti
504 491 614 537 curam
632 463 795 536 dimittere
813 460 917 535 belli:

154 581 214 657 lllc
232 598 343 684 potest
359 598 493 656 auctore
512 608 604 653 suam
621 578 795 652 defendere
812 607 953 652 causam.

153 699 231 769 Nou
249 696 336 771 sinat
349 696 418 769 hoc
432 696 537 793 Ajax,
555 693 759 793 delendaque
776 693 934 787 Pergama
950 707 1090 792 poscat,

154 813 323 914 Quodque
339 828 472 911 potest,
489 827 641 910 pugnet:
658 839 717 884 cur
732 838 802 884 uon
817 826 1001 883 remoratur
1015 808 1153 883 ituros?
1172 844 1217 881 see

156 928 226 1000 Cur
238 956 308 999 nou
326 954 415 1001 arma
431 926 548 1025 capit?
567 925 643 1012 dat,
661 924 751 1025 quod
769 954 850 1019 vaga
869 924 966 997 turba
982 924 1170 1024 sequatur?

153 1044 231 1115 Non
249 1059 318 1115 erat
333 1042 399 1114 boc
414 1041 553 1114 nimium
570 1069 739 1140 nrurquam
755 1039 819 1113 uisi
836 1068 954 1137 magua
970 1038 1138 1139 loquenti.

155 1158 275 1254 Quid?
292 1158 381 1259 quod
399 1173 432 1231 et
449 1156 521 1257 ipse
536 1154 627 1249 sugis
640 1158 656 1227 Ρ
671 1156 762 1241 vidi,
778 1158 965 1257 puduitque
983 1156 1118 1246 ridere,

154 1276 269 1371 Quum
289 1293 325 1347 tu
343 1293 434 1369 terga
450 1274 562 1357 dares,
583 1273 823 1373 inhonestaque
838 1273 910 1348 vela
928 1302 1076 1375 parares.

153 1391 223 1462 Nec
238 1418 349 1475 mora,
374 1423 391 1453 «
409 1387 501 1484 Quid
516 1388 648 1461 facitis?
665 1417 738 1489 quae
754 1402 816 1463 vcts
831 1389 1013 1478 dementia,
1033 1389 1123 1479 dixi,
1171 1410 1218 1465 sss

157 1536 175 1569 u
197 1504 369 1592 Concitet,
388 1535 408 1577 o
426 1503 526 1590 socii,
544 1504 1033 1604 captam-dimittere'l'rojam?

154 1650 173 1682 u
192 1619 324 1715 Quidrc
342 1617 478 1690 domurn
496 1617 589 1690 sertis
605 1618 752 1705 decimo,
766 1620 831 1692 uisi
849 1617 1008 1705 dedecus,
1029 1620 1155 1693 auno?
1171 1652 1189 1685 a

153 1730 294 1805 Talibus
309 1748 407 1831 atquc
424 1730 517 1819 aliis,
538 1732 573 1804 iu
589 1761 661 1832 quae
679 1730 778 1805 dolor
795 1732 866 1832 ipse
883 1732 1045 1805 disertum

154 1901 222 1955 sium
231 1900 382 1953 offendebat
393 1918 534 1954 concursus
544 1900 661 1970 plurium
709 1900 855 1968 pernicioso
861 1901 893 1954 ad
905 1902 1141 1971 Agamemnonem
1151 1918 1219 1953 mm·

153 1978 374 2030 substantivorum
391 1979 438 2030 uni
454 1978 536 2031 verbo
550 1980 661 2045 juncto·
711 1979 757 2029 nio
772 1980 868 2044 missu,
892 1980 1016 2045 monuit,
1037 1990 1071 2033 ut
1089 1977 1222 2033 invaderet

154 2073 232 2117 rum;
252 2055 339 2122 itaque
353 2054 495 2119 suadebat,
512 2058 664 2109 EcceJoer's
711 2056 855 2123 Troianos:
865 2056 921 2109 sore
930 2056 1017 2123 enirn,
1031 2068 1063 2110 ut
1074 2060 1220 2111 urbemeo·

153 2136 262 2184 monitos
283 2134 400 2200 deceptus
422 2138 532 2199 imagine
554 2151 662 2185 somnos.
710 2151 770 2184 rum
789 2135 879 2200 rapiat.
905 2134 1095 2203 Agamemnon
1115 2144 1218 2199 auten,

155 2210 317 2263 Durissimus
337 2212 493 2277 graecismus.
514 2210 567 2264 Sed
588 2212 662 2263 illum
711 2214 1220 2280 ostentaretmittees,jussiaraecepetce·

155 2306 313 2340 concursum
322 2306 377 2340 nou
387 2308 442 2342 esse
452 2288 625 2353 insolentem,
635 2297 663 2341 et
710 2308 763 2338 ran
770 2291 969 2351 dimittere-belli,
984 2288 1114 2344 desistere
1122 2308 1138 2341 a
1146 2288 1220 2353 bellu,

154 2370 250 2417 moncia
259 2364 358 2419 dictum
371 2385 436 2435 pro,
449 2386 483 2419 ea·
492 2370 600 2427 monete,
614 2384 663 2418 os-
711 2375 787 2433 atque
803 2366 911 2419 navibus
930 2368 956 2418 in
972 2385 1046 2418 mare
1062 2366 1183 2419 deductis
1194 2365 1220 2417 iu

155 2441 240 2495 tendit
258 2443 435 2497 Burmannus.
456 2445 558 2495 Monere
573 2454 663 2495 autem
710 2442 820 2510 patriam
837 2442 931 2495 redire.
948 2442 1032 2510 Quod
1050 2444 1095 2494 vix
1111 2440 1220 2495 audive-

155 2539 210 2573 esse
223 2521 333 2573 verbum
346 2521 525 2584 somniorum,
542 2522 596 2585 jam
608 2538 663 2571 ει-
710 2532 769 2587 rant
782 2521 893 2585 milites,
910 2540 992 2590 qnum
1006 2522 1058 2574 teet
1074 2538 1220 2589 magnoque

156 2598 213 2664 pius
224 2597 385 2649 vidimus.-
393 2597 445 2651 llic
456 2595 663 2648 administranda
710 2614 770 2649 cum
782 2597 896 2649 clamore
909 2597 942 2649 ad
955 2616 1034 2650 nares
1047 2596 1219 2661 festinarent,

153 2683 216 2726 sunt
233 2674 352 2741 quedam
370 2672 507 2740 exempla,
530 2690 589 2739 qun
604 2672 661 2736 IX,
710 2673 877 2743 reditumque
894 2685 1026 2742 pararent.
1045 2675 1101 2726 llic
1119 2675 1220 2745 ulysse

156 2771 219 2820 700,
229 2752 396 2820 promisimus
409 2771 416 2803 z
431 2749 567 2804 Claudiau.
581 2751 591 2803 l
604 2750 663 2802 Stil.
710 2769 779 2803 unus
790 2751 854 2816 suit,
866 2752 910 2819 qui
920 2751 1076 2804 festinantes
1088 2752 1129 2804 vel
1138 2750 1220 2803 verbis

157 2831 226 2895 aab,
246 2833 300 2881 Aut
315 2834 422 2881 uocatos
438 2838 508 2879 certa
528 2831 665 2895 dignanter
710 2828 824 2894 reduxit,
837 2828 877 2879 vel
890 2829 1043 2881 verberibus
1050 2828 1184 2893 coercuit,
1193 2837 1219 2879 et

155 2909 264 2972 imque
271 2921 391 2965 sunnon·
402 2903 472 2973 quod
481 2905 584 2957 Heinsii
595 2923 659 2957 eou-
709 2923 758 2973 pco
766 2905 892 2957 concione
902 2905 997 2957 milites
1007 2903 1040 2957 ad
1053 2906 1156 2957 bellum
1162 2922 1220 2959 con·

153 2985 261 3050 iectura
276 2984 379 3053 egregie
395 2983 558 3053 suffragatur.
574 2984 662 3038 Valer.
709 2982 867 3035 tinuandum
877 2983 1029 3037 cohortatus
1040 2994 1095 3047 est;
1110 2984 1220 3037 llomer.

156 3061 408 3126 Maximus,l,vtt,
421 3063 662 3128 8÷propmnbustae=
710 3081 774 3113 vers.
794 3063 840 3125 284
858 3080 913 3129 sqq.
933 3062 964 3113 ln
983 3060 1034 3113 hoc
1052 3063 1136 3129 igitur
1152 3078 1221 3114 nuuc

154 3158 223 3199 meu,
236 3144 308 3191 atita
317 3141 413 3199 alicam,
428 3143 666 3210 Ir'aeisdten'e'ltrfi
709 3137 817 3189 enatet
828 3138 885 3203 ejus
898 3138 1155 3199 oratio-Auctore,
1170 3156 1221 3190 ate-

154 3224 274 3271 sometime
281 3222 598 3271 cedoesemadmoaeitesr
606 3227 662 3281 est,
708 3217 827 3268 ctoritate
839 3216 928 3280 Jovis,
949 3236 1030 3285 quern
1049 3218 1101 3269 sibi
1116 3218 1220 3269 suasim

155 3296 296 3351 Petronius
313 3294 340 3347 iu
355 3296 475 3366 Satyrico
486 3334 494 3361 ,
506 3316 528 3348 c.
545 3297 608 3362 rob,
626 3295 661 3348 de
708 3292 823 3344 reditum
835 3293 1024 3346 mentiebatur.
1035 3322 1069 3332 —
1081 3293 1222 3360 Deseedm

155 3374 212 3428 Diis
223 3391 327 3442 quoque
340 3391 347 3425 t
359 3381 384 3425 et
398 3373 593 3440 quidsecr'ssea!
605 3377 661 3426 al·
707 3390 824 3427 eausam.-
831 3370 909 3438 vulgo
917 3371 1053 3437 defendere
1060 3368 1222 3439 wcemtqui·

153 3457 661 3517 monuereaepm·somn1ermrossan,-
708 3446 769 3499 darn
786 3452 903 3513 culpam
920 3447 1003 3501 codex
1020 3449 1123 3518 Regius
1135 3452 1161 3503 Α
1172 3470 1220 3501 w-

155 3531 295 3599 Virgilius,
309 3529 370 3581 AEn.
379 3530 450 3594 Vll,
469 3547 530 3581 roa:
541 3548 662 3594 response
707 3546 776 3589 cem
792 3527 873 3579 codex
890 3527 913 3578 B
927 3546 1027 3583 wcem.
1042 3529 1170 3598 additque
1182 3530 1223 3581 ae!

152 3613 234 3672 patris
242 3610 327 3660 tanae·
331 3610 484 3673 monitusque
490 3608 662 3659 siteaertNocte
707 3624 819 3656 causam.
827 3633 861 3644 —
868 3607 936 3664 Dat,
946 3606 987 3657 vel
999 3609 1127 3675 proponit
1137 3606 1218 3661 cousi·

157 3685 231 3733 datos
246 3703 254 3733 .·
267 3683 378 3751 plurima
390 3693 451 3736 sunt
467 3693 591 3751 praeterea
604 3683 661 3737 loca
707 3682 788 3747 lium,
800 3682 841 3733 vel
852 3681 897 3734 dat
907 3685 1068 3751 exemplum.
1075 3689 1178 3754 Magea
1185 3689 1219 3737 Ie·

156 3756 204 3806 alia
218 3759 392 3824 plurimorum
406 3762 581 3830 scriptorum,
601 3779 661 3828 que
706 3764 805 3826 quentis
819 3758 878 3811 eide
893 3761 923 3823 l,
938 3765 994 3828 751.

157 3834 250 3896 possim
264 3840 377 3901 πίει-τες
392 3838 437 3891 sed
451 3839 492 3890 illa
503 3840 662 3905 pretermit-
741 3840 797 3890 aab.
819 3842 943 3907 Captum,
964 3842 1020 3907 jam
1038 3842 1216 3912 capiendam,

156 3916 201 3965 ¹⁰2
220 3927 253 3959 ne
265 3912 292 3962 iu
308 3913 409 3981 lougius
420 3915 558 3969 discedam.
572 3918 662 3967 Ed.—
707 3934 786 3985 quam
798 3918 968 3986 obsidebant,
984 3932 1015 3973 ut
1028 3936 1166 3992 caperent
1177 3922 1218 3977 Sit

157 3978 660 4059 Ceterumquodhiceommemoracur,
705 4001 831 4064 captis-uer
848 4001 936 4049 celum
951 3999 979 4063 l,
1003 4002 1069 4067 184,
1088 4014 1116 4055 et
1133 4011 1219 4069 captas

155 4066 272 4109 sumtum
287 4078 318 4112 ex
334 4065 364 4115 ll.
379 4077 414 4131 u,
435 4074 524 4125 1-332
536 4072 659 4141 Jupiter,
702 4073 760 4139 J'anr
777 4074 921 4139 despectare
937 4086 1020 4129 terras
1036 4078 1109 4147 apud
1127 4077 1221 4148 Virgi-
