2760 4710
156 328 223 397 530
419 321 461 395 Ρ.
496 317 680 387 OVlDll
706 313 940 387 NASONIS

154 470 290 543 Dixerat
307 463 439 548 AEneae‚
456 485 560 562 quum
575 486 628 532 res
645 456 792 556 Trojano
807 455 966 532 labaret:

158 617 176 648 «
197 584 279 656 Nate
295 578 383 664 Dea,
403 574 431 648 si
449 591 531 647 uota
543 571 623 647 satis
637 571 794 673 presagia
809 590 934 648 uostrae

157 733 175 767 o
195 695 322 771 Mentis
337 692 460 779 habes;
477 720 546 765 non
563 706 635 763 tota
651 690 765 779 cadet,
783 709 815 766 te
833 689 985 793 sospite,
1003 690 1129 790 Troja.
1198 709 1242 780 440

157 849 175 880 »
194 812 342 887 Flamma
358 809 422 911 tihi
437 807 625 907 ferrumque
642 806 771 880 debunt
788 807 872 882 iter:
888 808 979 894 ibis,
1000 825 1038 880 et
1053 835 1129 880 una

158 964 176 996 »
196 931 354 1022 Pergamo
370 942 464 1027 rapta
482 923 589 1012 seres,
606 923 712 998 donec
728 923 902 1026 Trojaeque
918 924 1062 1026 tibique

160 1077 177 1108 η
198 1043 381 1115 Externum
395 1037 505 1138 patrio
522 1037 695 1135 contingat
708 1037 845 1113 amicius
861 1068 993 1114 arvum.

160 1191 178 1222 »
199 1156 325 1229 Urbem
343 1171 376 1227 et
390 1152 455 1251 jam
472 1179 572 1227 cerno
586 1152 752 1255 Phrygios
771 1154 890 1228 dehere
908 1171 1084 1254 nepotes;

160 1310 178 1343 s
199 1275 334 1371 Quanta
351 1298 413 1346 nec
429 1288 499 1359 est,
514 1300 575 1346 nee
592 1272 673 1361 erit,
690 1299 751 1346 nee
767 1272 835 1346 visa
851 1271 1034 1373 prioribus
1054 1274 1166 1348 anuis.
1191 1294 1236 1362 445

159 1424 178 1458 n
197 1391 292 1463 Hanc
307 1386 364 1460 alii
379 1413 534 1488 proceres
549 1415 610 1487 per
625 1386 735 1461 secula
752 1387 852 1484 longa
868 1407 1076 1489 potentem,

162 1540 180 1573 »
202 1505 265 1580 Sed
281 1503 447 1578 dominam
464 1532 574 1578 rerum
594 1503 634 1577 de
651 1503 810 1601 sanguine
827 1521 927 1579 uetus
946 1504 1019 1578 tuli

161 1659 179 1691 »
199 1621 353 1696 Efficiet:
371 1648 458 1722 quo,
479 1648 583 1721 quum
600 1617 697 1696 telius
713 1622 865 1711 eutoso,
880 1623 1046 1698 fruentur

162 1779 180 1810 »
202 1739 359 1816 AEtheriae
377 1735 491 1827 sedes,
509 1735 689 1838 celumque
708 1737 771 1813 erit
786 1739 893 1814 exitus
909 1739 973 1814 illi.
993 1775 1013 1807 n

159 1862 238 1934 Haec
255 1855 420 1930 Helenum
436 1855 593 1930 cecinisse
610 1855 801 1956 penatigero
820 1857 953 1945 AEnee,
1190 1881 1237 1947 450

158 1977 274 2076 Mente
290 2000 418 2046 memor
433 1970 561 2059 resero,
580 1990 785 2074 cognataque
803 1973 924 2049 monia
939 1971 1043 2048 laetor

160 2091 333 2176 Crescere,
350 2105 383 2162 et
399 2086 526 2161 utiliter
543 2088 733 2189 Phrygibus
750 2089 864 2162 vicisse
878 2087 1059 2186 Pelasgos.

212 2238 230 2269 »
245 2205 296 2279 Ne
316 2221 425 2278 tamen
444 2200 560 2304 oblitis
573 2202 614 2277 ad
630 2220 750 2276 metam
764 2203 897 2278 tendere
911 2201 1018 2301 louge

160 2320 395 2421 Exspatiemur
412 2319 529 2419 equis:
545 2316 678 2407 celum,
697 2333 731 2390 et
750 2316 989 2418 quodcumque
1005 2317 1074 2392 suh
1095 2319 1154 2393 illo
1169 2338 1233 2404 est,

160 2507 234 2577 Virg.
248 2507 312 2560 AEu.
324 2506 383 2571 111,
397 2502 523 2573 374-452.
531 2530 565 2543 -
573 2504 672 2555 Βοιω-
697 2545 709 2568 ,
720 2501 806 2557 Rome
817 2501 885 2557 dieta
896 2513 936 2557 est
947 2513 976 2557 et
987 2503 1062 2569 eiiis3
1077 2505 1236 2560 Frontinde

160 2595 219 2651 dor,
239 2604 336 2655 nempe
353 2584 487 2637 audiverat
503 2580 558 2634 haec
571 2579 672 2652 Pytha·
720 2580 876 2652 Aquaeduot.
888 2605 901 2628 α
913 2583 1020 2653 Regina
1030 2594 1061 2638 et
1072 2584 1237 2638 domiuaor-

160 2686 250 2737 goras,
261 2659 507 2734 quumEuphorhus
516 2669 590 2712 esset.
598 2658 671 2712 Male
721 2682 735 2708 ι
748 2662 803 2728 his,
817 2680 874 2730 quae
886 2671 1021 2715 terrarum
1030 2662 1090 2717 Dea
1101 2665 1236 2734 gentium·

161 2746 276 2799 AEneom
286 2741 395 2794 heroem
404 2737 506 2792 inducit
517 2737 559 2791 hie
561 2741 672 2807 stentem.
721 2759 800 2809 »que
818 2739 954 2805 consistit,
975 2741 1020 2794 cui
1039 2761 1089 2812 par
1105 2742 1170 2795 nihii
1186 2784 1194 2808 ,
1210 2754 1236 2796 et

194 2824 250 2895 439
259 2822 298 2882 Si,
315 2817 544 2889 quandoquidem,
557 2829 672 2886 utsaepe.
721 2838 736 2864 ν
748 2815 813 2870 nihil
831 2815 988 2871 secundum.
999 2840 1013 2863 ι
1027 2846 1065 2859 ·-
1080 2821 1149 2888 Quo,
1164 2841 1235 2889 quan

161 2902 235 2951 -Se'
247 2907 308 2950 nota
321 2901 387 2949 satis
400 2899 485 2947 habes.
502 2896 560 2963 lpse
573 2894 674 2947 AEneas
718 2899 795 2949 tellus
810 2905 858 2949 ete.
881 2895 942 2948 Jem
964 2894 1076 2951 additur
1093 2899 1234 2969 apotheosis

162 2974 231 3046 apud
245 2976 319 3043 Virg.
332 2973 454 3025 Heleno:
467 2993 480 3016 o
493 2972 550 3040 Qui
563 2973 673 3026 numine
722 2976 842 3047 Augusti.
854 2977 1001 3044 Horatius,
1018 2977 1052 3046 I,
1065 2977 1122 3033 od.
1135 2995 1176 3046 n,
1194 2984 1235 3044 45:

161 3078 177 3103 rs
191 3053 300 3115 Phoebi,
314 3049 605 3121 Quitripotiat,Ciarii
617 3052 674 3106 iau·
722 3079 736 3104 n
750 3057 831 3112 Serus
847 3057 876 3111 in
892 3056 986 3113 celum
1003 3058 1119 3128 redeas,
1139 3060 1234 3128 diuque

160 3158 176 3185 s
190 3155 242 3199 ros,
252 3131 388 3202 quisidera
395 3132 486 3199 sentis,
495 3131 672 3187 Etvolucrum
723 3157 737 3182 n
750 3135 1236 3207 LetusintersispopuioQuiriniete.»
1282 3146 1287 3160 '

162 3237 177 3263 s
189 3215 290 3283 linguas
302 3221 351 3264 etc.
362 3231 375 3255 υ
387 3238 421 3250 -
432 3211 563 3264 namma.
574 3251 581 3262 .
593 3251 599 3264 .
609 3216 667 3270 iter,
723 3211 804 3267 Coni.
814 3212 888 3286 Virg.
900 3214 999 3286 Georg.
1011 3215 1043 3284 l,
1059 3218 1094 3284 ²4
1103 3236 1160 3286 sqq.

161 3293 255 3347 evades
266 3308 313 3360 per
322 3288 459 3343 hemmam
467 3290 673 3358 ferrumqueso-
755 3295 812 3360 450.
826 3294 960 3363 Penateker
970 3314 1076 3350 novum
1089 3307 1132 3362 et,
1151 3308 1181 3350 ut
1193 3297 1237 3349 vi—

160 3370 420 3442 spes.-Perpama‚
446 3387 520 3438 spem
541 3385 672 3420 novorum
721 3369 815 3439 detur,
832 3371 1086 3428 abovidiofacrum
1099 3373 1236 3444 epitheton

163 3449 356 3517 Pergamorum
368 3445 578 3499 condendorum.
722 3448 831 3514 AEneae,
844 3449 889 3519 qui
898 3450 1012 3505 Penates
1019 3450 1111 3506 intulit
1121 3451 1238 3506 Latio.-

185 3528 243 3593 444.
252 3527 312 3577 Jam
320 3543 400 3586 cerno,
409 3542 458 3575 vox
467 3521 673 3578 vaticinantium.
723 3525 777 3579 Pro
788 3528 882 3596 resero,
897 3525 1033 3583 Palatinus
1043 3534 1137 3583 recolo.
1146 3560 1180 3572 -
1190 3533 1239 3584 Co-

160 3610 293 3659 -Debere
304 3605 336 3657 de
348 3605 396 3668 iis,
411 3621 468 3672 que
479 3601 534 3655 tato
545 3600 673 3655 destinata
719 3613 819 3671 gnata,
838 3602 902 3658 dixit
914 3617 1072 3675 propterea,
1093 3608 1156 3677 quia
1169 3620 1239 3662 tem·

162 3683 305 3739 certissime
313 3691 441 3734 eventura
453 3689 522 3733 sunt.
533 3678 673 3734 tdemtte-
722 3701 785 3751 pore
802 3682 913 3751 Troiani
934 3681 994 3737 betti
1012 3684 1194 3755 Euphorbum
1213 3707 1240 3741 se

161 3760 238 3815 lenus
246 3760 338 3814 AEneoe
346 3756 413 3827 apud
423 3759 497 3826 Virg.
506 3756 531 3809 d.
543 3755 603 3812 ivs.
612 3758 674 3826 462:
721 3760 801 3814 fuisse
815 3761 925 3830 jactabat
940 3762 1113 3834 Pythagoras

167 3842 238 3892 Vade
249 3857 315 3905 age,
329 3847 355 3889 et
364 3833 573 3904 mgentemfaclis
580 3836 628 3904 ser
638 3838 678 3889 ad
754 3838 811 3905 453.
824 3841 863 3893 Ne
872 3850 955 3891 tamen
965 3844 1053 3894 oblitis
1065 3852 1118 3896 etr„
1126 3843 1241 3898 Perora-

161 3917 253 3968 ethera
268 3915 378 3983 nostem.
722 3914 775 3983 tio,
789 3934 840 3985 qua
855 3917 939 3983 redit,
957 3918 1030 3973 uude
1044 3940 1114 3974 vers
1135 3923 1238 3990 143di-

196 3991 593 4064 447.Sed...naetus1u!iEffic1'et.
602 3993 674 4048 Adu-
721 4013 822 4064 gressus
833 4005 889 4049 erat
898 4034 906 4062 ,
927 3996 1048 4051 adesum
1065 4000 1190 4054 carnium
1208 4028 1239 4041 -

161 4067 230 4122 tenu
242 4072 369 4140 Augusto.
380 4101 413 4114 ·-
429 4076 558 4128 Terrarum
571 4077 674 4129 domim
689 4089 692 4094 '
709 4072 900 4142 'Exspatt'emsr
908 4081 985 4145 eques.
996 4078 1072 4147 virg.
1085 4078 1185 4150 θεοῖς’.
1196 4080 1240 4141 ΙΙ,
