2760 4710
298 330 819 405 rrnrnnonrnosuort
844 333 941 402 uin.
975 336 1061 404 xv.
1149 339 1214 432 527

151 473 232 571 Quo
250 470 348 545 simul
366 500 402 546 ne
420 470 541 561 casias,
559 491 593 548 et
609 473 704 548 nardi
719 471 802 548 leuis
819 474 950 562 aristus,

154 589 351 687 Quassaque
368 614 442 659 curn
458 585 547 661 lulva
565 588 748 662 substravit
766 589 915 664 cinnama
929 589 1081 690 myrrha3
1165 602 1168 609 '

123 754 126 759 -
156 705 200 778 So
217 702 492 803 superimponit,
509 703 651 805 linitque·
666 706 700 778 in
718 705 878 780 odoribus
894 734 1009 780 aevum.
1168 728 1227 800 too·

155 820 382 909 tutelerunt,
399 819 538 894 totidem
559 823 617 923 qui
633 823 738 897 rivere
759 822 1015 912 delicationes,

158 940 305 1040 Corpore
320 938 360 1012 de
378 939 488 1040 patrio
504 967 641 1040 porrum
657 938 814 1015 Phoenica
829 938 965 1013 renasci.

157 1057 272 1152 Quum
289 1054 381 1130 dedit
396 1054 476 1129 huie
493 1072 572 1130 aetas
587 1056 692 1145 vires,
712 1056 868 1156 onerique
887 1056 1023 1130 serendo
1039 1074 1104 1147 est,

155 1173 366 1249 Ponderibus
381 1173 454 1247 nidi
470 1201 578 1248 ramos
593 1173 679 1248 levat
696 1173 826 1248 arboris
843 1173 935 1262 ulte,

155 1289 299 1388 Fertque
316 1288 392 1389 pius
408 1315 577 1389 cunasque
595 1316 691 1375 suas,
708 1288 919 1388 patriumque
937 1287 1142 1390 sepulcrum,
1168 1310 1218 1382 405

153 1401 283 1501 Perque
297 1399 382 1475 leves
401 1429 495 1475 auras
511 1400 712 1503 Hyperionis
729 1400 813 1473 urbe
827 1401 976 1500 potitus,

153 1517 243 1588 Ante
258 1514 347 1587 sores
364 1541 472 1589 noras
488 1515 693 1616 Hyperionis
709 1514 777 1590 aede
793 1516 936 1615 reponit.

154 1680 516 1748 montemmaranum,
529 1700 585 1736 nou
596 1683 661 1736 item
709 1701 785 1749 rem,
803 1682 874 1736 unde
888 1685 1016 1754 myrrheus
1036 1702 1084 1753 pro
1099 1724 1106 1752 ‚
1130 1684 1220 1740 llsrus.

156 1756 217 1810 aliti.
227 1758 313 1829 Vulgo
320 1758 451 1825 duro3setl
461 1777 530 1813 unus
538 1758 660 1825 molani,
710 1760 826 1815 Broukh.
835 1760 867 1813 ad
875 1762 997 1830 Propert.
1005 1762 1046 1815 lll
1054 1800 1061 1826 ‚
1069 1778 1122 1814 vm
1131 1801 1139 1828 ,
1148 1783 1221 1818 22.-

158 1833 261 1888 Coelest.
268 1834 433 1889 Francolurt.
443 1847 470 1889 et
477 1835 577 1891 Barrhii
586 1835 661 1890 codd.
709 1838 767 1891 Pro
778 1857 873 1904 quassa
883 1837 995 1890 Heinsio
1006 1837 1090 1905 placet
1100 1858 1130 1891 ex
1139 1838 1221 1893 altero

150 1932 229 1981 puro,
239 1911 308 1981 quod
319 1911 420 1966 adridet
427 1913 584 1967 Burrnanno
593 1913 662 1967 utal-
711 1916 809 1969 Hernb.
820 1935 910 1977 cassa,
930 1926 960 1968 nt
970 1919 1167 1987 ξυλοιιννᾶμωμον
1179 1920 1223 1971 in-

156 1990 593 2059 ludataelmorerusacralacieudi,
604 2010 663 2061 quse
711 1993 857 2062 telligatur,
875 1993 944 2062 quod
960 1997 1074 2048 maximo
1092 1997 1119 2049 in
1138 1999 1223 2066 pretio

157 2068 572 2139 ssebautpurismnnibus.-Regii
580 2068 665 2121 nostri
710 2071 1221 2136 luerit,cortexcinuamomoeletractus.

157 2147 499 2216 ambodontquuquepuro,
516 2147 663 2216 quodrecte
743 2153 800 2217 401.
818 2152 882 2202 Inde
892 2149 982 2216 serm
991 2193 997 2204 .
1010 2190 1016 2202 .
1028 2192 1034 2204 .
1046 2160 1150 2208 renasci.
1167 2156 1221 2210 Pro

156 2236 246 2279 tuetur
256 2226 432 2279 Burmannus.
445 2227 495 2277 Ed.
505 2253 539 2265 -
550 2225 663 2279 Lacteu-
709 2230 805 2286 eriere,
829 2225 953 2280 Barthius
965 2246 995 2279 ex
1008 2226 1110 2283 duobus
1122 2250 1222 2300 perve-

155 2304 266 2370 tius,vs.
275 2321 317 2374 77:
325 2325 339 2349 «ι
346 2301 553 2357 Construitiude
563 2302 610 2356 sibi
617 2321 664 2356 seu
710 2303 784 2357 tustis
796 2302 858 2372 legit
867 2308 971 2357 vrircere.
979 2305 1079 2360 Plinius
1089 2326 1096 2360 ε
1106 2330 1119 2353 «
1130 2308 1170 2361 Ex
1178 2329 1222 2363 os-

156 2402 171 2427 »
181 2380 275 2434 nidum
282 2381 335 2434 sive
343 2380 503 2450 sepulcrum,
512 2400 526 2427 κ
534 2378 663 2435 etdeiuele
712 2398 726 2427 s
738 2379 908 2434 sibnsdeinde
919 2391 947 2433 et
956 2381 1077 2437 medullis
1083 2385 1141 2453 eius
1150 2388 1220 2440 nasei

154 2459 235 2513 iidem
246 2459 340 2515 odores
347 2467 608 2523 oomuremorsntnr,
618 2457 665 2525 qui
712 2480 726 2507 »
737 2459 879 2528 primoeeu
887 2459 1076 2527 vermiculum,
1091 2460 1151 2516 inde
1162 2464 1220 2518 lieri

153 2537 213 2600 him
228 2537 372 2592 Plinium
385 2536 575 2591 senescentem
591 2534 665 2588 casio
712 2536 848 2606 »pullum
864 2559 877 2584 n
897 2537 1051 2591 Secundum
1075 2539 1137 2593 elios
1160 2541 1220 2595 solis

155 2636 170 2662 s
183 2615 299 2685 turisque
323 2613 431 2668 surculis
448 2622 601 2668 construere
615 2611 665 2665 ni·
709 2615 1220 2686 radiiscomburitur,atqueeeiueribus

155 2715 170 2740 ι
182 2692 264 2759 dum,
277 2692 381 2762 replere
393 2691 517 2747 odoribus
533 2701 559 2745 et
571 2709 666 2759 supen-
711 2694 799 2763 prodit
810 2714 878 2747 nora
890 2695 957 2760 avis,
972 2713 1029 2763 quse
1039 2715 1119 2749 ovum
1131 2696 1193 2750 lucit
1204 2717 1219 2750 e

156 2793 170 2819 n
182 2773 272 2827 emori.
282 2794 296 2822 s
306 2800 339 2814 -
349 2772 485 2827 Casialuit
493 2770 664 2825 interherbes
711 2773 835 2846 myreum
849 2774 885 2826 illi
896 2785 1016 2828 excavato
1024 2774 1221 2845 inditretquias

155 2861 182 2905 et
192 2849 271 2903 liores
286 2850 450 2915 coronarios,
465 2848 611 2922 thymeloeee
622 2848 663 2902 si·
711 2863 831 2921 paternas
842 2871 936 2921 easque
949 2851 1036 2906 desert
1048 2853 1076 2905 in
1089 2853 1219 2922 templum

157 2928 242 2991 milis;
259 2926 316 2981 vide
331 2926 486 2981 Mantuae
501 2927 662 2997 Virgilium,
711 2928 1102 2998 Heliopolitarum-Heinsius
1114 2950 1221 2984 versum

155 3003 253 3075 Georg.
263 3005 305 3071 ll,
321 3007 522 3067 nri-Norden
533 3004 636 3072 frutex,
648 3022 662 3056 e
711 3008 760 3073 404
772 3005 949 3059 adulterinum
966 3007 1092 3076 putabat,
1111 3007 1181 3062 lorte
1195 3019 1223 3063 et

156 3085 231 3153 cujus
240 3083 324 3149 loliis,
336 3082 410 3151 spicis
416 3094 442 3137 et
450 3083 535 3138 radice
545 3102 663 3153 unguen·
711 3098 763 3141 tres
772 3090 1008 3157 sequentes—Pro
1018 3092 1078 3141 alloe
1089 3090 1224 3143 Burman-

156 3176 183 3219 ta
199 3159 381 3235 pretiosissima
397 3165 568 3220 coniecerunt
584 3177 664 3219 vete·
710 3165 956 3228 nussnudetalmae‚
968 3167 1106 3236 quaeqrrasi
1120 3168 1183 3220 aluit
1195 3178 1223 3220 et

156 3263 211 3308 res,
222 3262 279 3312 quse
292 3242 325 3295 ab
337 3243 408 3297 lndis
420 3243 446 3296 in
459 3242 602 3315 Syriaeue!
614 3245 664 3298 in·
711 3242 800 3297 eduxit
820 3243 972 3297 Plroenicem
985 3266 992 3307 ;
1011 3245 1144 3314 ingeniose
1162 3244 1223 3311 qui-

154 3322 224 3376 dein
237 3321 373 3390 Europam
383 3319 502 3385 advectas
514 3321 573 3375 ride
584 3321 664 3376 Celsii
712 3321 836 3388 δωρεᾶ
844 3322 936 3376 dubito
944 3337 1013 3377 anet
1021 3344 1082 3376 vere
1090 3344 1095 3377 :
1103 3325 1221 3376 Luctant.

156 3400 295 3453 llierobot
308 3409 372 3452 torn.
387 3398 432 3463 ll,
446 3416 502 3469 pag.
518 3419 527 3451 ι
539 3420 600 3453 s—
609 3400 664 3453 Pro
711 3421 776 3455 vers.
790 3403 822 3473 39
834 3420 840 3454 :
854 3423 867 3448 κ
882 3401 1002 3455 Consistit
1015 3403 1041 3454 in
1054 3401 1152 3453 arboris
1164 3399 1222 3453 altre

153 3481 218 3530 lenes
229 3475 354 3547 pennulti
365 3475 439 3529 MSS
448 3477 600 3546 (etRegiur
612 3495 665 3530 no-
712 3502 726 3528 »
740 3480 846 3533 Vertite
856 3502 864 3543 3
874 3503 887 3526 u
904 3492 931 3534 et
942 3501 978 3533 vs.
987 3482 1035 3551 69,
1050 3502 1064 3525 u
1073 3480 1144 3531 Tum
1159 3479 1221 3547 legit

153 3566 208 3609 ster
223 3557 246 3608 Α
261 3554 272 3624 )
290 3559 374 3615 leves,
396 3553 421 3606 id
442 3565 496 3620 est,
511 3555 553 3608 cui
567 3556 665 3624 lanugo
712 3579 726 3607 s
739 3558 810 3610 aerio
817 3559 957 3612 sublimem
965 3557 1061 3609 vertice
1075 3556 1197 3624 palmam.
1207 3577 1221 3601 ι

149 3636 248 3689 subest.
259 3635 377 3689 Laetaut.
390 3653 456 3688 vers.
469 3636 502 3689 86
511 3655 517 3688 :
527 3658 541 3682 «
555 3637 606 3690 His
616 3636 665 3690 ud-
744 3637 800 3702 406.
812 3640 964 3708 Hyperionis
974 3638 1045 3695 urbs,
1060 3632 1221 3701 Heliopolis,

156 3711 194 3766 dit
206 3722 309 3765 teneres
320 3710 396 3763 nardi
411 3712 533 3780 pubentis
544 3714 639 3766 aristas
649 3735 664 3761 »
710 3712 738 3765 in
751 3713 871 3766 confiniis
881 3711 988 3784 AEgypti
1002 3723 1028 3764 et
1039 3711 1158 3776 Arabio,
1172 3709 1223 3762 ho-

155 3788 246 3843 Glossa
258 3788 430 3844 interlinearis
443 3790 548 3844 alterius
559 3791 664 3845 Eusori.
711 3790 753 3843 die
761 3792 958 3844 Balbek.-Pro
964 3793 1018 3841 aede
1027 3795 1137 3854 reponet.
1149 3787 1221 3856 quod

155 3867 665 3922 r'destredoleutis:hiuclleinsiuscon-
711 3865 1221 3922 manifestamcontradietionernhabere

155 3946 663 4019 jicitnardihalantis,-Detnyrrhevi‹le
712 3945 773 3999 dicit
783 3965 843 3999 cum
857 3947 942 3999 verbis
952 3944 1104 4012 anteferes,
1121 3942 1223 4012 Schen-

155 4026 188 4081 ad
199 4027 239 4094 X,
251 4028 351 4079 ὅσα-
362 4028 459 4090 Falsa,
479 4026 539 4095 quin
556 4027 664 4102 myrrha
712 4044 789 4094 perus
813 4026 917 4094 corrigit
941 4027 1001 4077 urbe
1019 4028 1124 4090 aperit,
1144 4022 1222 4075 Unus

156 4104 365 4172 praestantissimo
387 4104 465 4158 telem
485 4104 567 4158 refert
587 4103 664 4160 eulu-
712 4103 849 4160 Leielensis
861 4115 888 4155 et
900 4102 992 4173 Thysii
1004 4106 1076 4166 orbe,
1090 4111 1119 4153 ut
1132 4101 1223 4170 globus
