2708 5094
634 508 645 521 Ι

277 741 802 811 unrruonruosnon
831 745 931 810 cm.
959 708 1054 812 xm.
1136 751 1198 816 353

139 887 213 958 Jam
233 883 334 955 timor
350 880 405 953 ille
421 879 605 980 Phrygum,
624 880 724 954 decus
743 897 776 953 et
793 880 892 953 tutela
911 881 1040 979 Pelasgi

140 997 310 1087 Nominis,
328 995 500 1080 AEacides,
518 1013 617 1095 caput
630 994 849 1095 insuperabile
865 996 972 1085 bello,

141 1119 279 1190 Arserat
293 1144 300 1188 :
315 1130 454 1186 armarat
470 1113 562 1184 llcus
579 1111 685 1197 idem,
702 1109 856 1210 idemque
874 1131 1043 1211 cremarat.

141 1234 216 1307 Jom
236 1231 320 1304 cinis
336 1248 403 1316 est,
421 1247 455 1303 et
470 1229 510 1302 de
528 1245 593 1301 tarn
611 1256 730 1324 magno
748 1244 849 1300 restat
865 1227 994 1301 Achille
1150 1257 1199 1308 615

142 1349 263 1425 Nescio
280 1348 379 1450 qnid,
395 1375 527 1448 parvam
544 1346 633 1445 quod
649 1373 717 1417 non
733 1346 818 1418 bene
835 1346 998 1446 compleat
1012 1377 1137 1425 urnam.

142 1465 189 1537 At
207 1462 306 1551 vivit,
325 1478 431 1534 totum
448 1488 520 1560 quse
539 1458 640 1553 gloria
659 1458 822 1559 compleat
838 1458 970 1534 orbem:

143 1578 223 1650 Haec
240 1573 289 1648 illi
308 1602 459 1648 mensura
476 1573 547 1645 viro
566 1571 762 1672 respondet,
782 1590 815 1645 et
829 1571 888 1645 hac
905 1590 956 1646 est

144 1690 208 1763 Par
222 1689 288 1762 sibi
304 1687 454 1772 Pelides;
472 1714 532 1759 nec
548 1686 658 1758 inania
674 1684 811 1758 Tartara
830 1686 940 1758 sentit.

145 1809 221 1908 lpse
236 1806 354 1893 etiam,
373 1822 430 1893 ut,
447 1804 540 1903 cujus
557 1803 674 1889 suerit,
692 1829 888 1897 cognoscere
905 1805 1033 1905 possis,
1154 1829 1204 1880 620

145 2022 436 2075 eumpraesespernere.
444 2002 496 2057 sed
506 2013 533 2057 et
541 2006 653 2055 Amam-
699 2001 743 2054 ubi
754 2001 853 2071 sepulta
866 2002 1006 2069 Cornelia,
1018 2013 1155 2074 postquam
1165 2005 1205 2059 ‹li-
1253 2054 1255 2059 .

145 2082 343 2138 numauxilium
355 2092 412 2151 post
423 2081 557 2133 Homer.a
570 2081 652 2148 poetis
700 2080 825 2148 gnitatem
842 2100 915 2134 suum
933 2080 997 2133 nihil
1012 2081 1060 2135 sibi
1078 2082 1203 2153 profuisse

147 2171 291 2216 assumtum
314 2159 341 2212 in
362 2158 422 2211 belli
438 2156 547 2226 Troiani
566 2158 652 2210 histo-
700 2170 789 2226 questa
800 2170 836 2212 est
846 2200 853 2227 ,
864 2161 951 2215 addit.
961 2162 1156 2231 Enlsumquod
1162 2167 1205 2218 di-

147 2241 214 2295 riom
225 2261 232 2303 ς
243 2239 303 2292 vide
316 2237 452 2310 Heynium
463 2236 494 2288 ad
503 2237 568 2305 Virg
587 2236 612 2288 d.
620 2238 636 2289 l.
699 2241 760 2301 51'tr's
770 2242 876 2305 uertique
886 2242 982 2291 levatur
990 2259 1060 2292 onus.
1075 2240 1126 2293 Sed
1139 2261 1204 2310 pue-

180 2318 237 2384 614
245 2319 359 2369 Arseral.
367 2314 409 2367 De
418 2314 596 2366 combustione
606 2313 655 2367 hac
702 2313 784 2366 riliter
795 2315 970 2381 giuvissimam
981 2318 1138 2371 sententiam
1151 2330 1206 2373 tra-

148 2393 207 2449 vite
224 2394 374 2447 Homerum
387 2430 394 2457 ,
413 2390 467 2445 0d.
482 2399 507 2443 Ω.
520 2429 527 2456 ,
547 2395 576 2457 57
589 2409 653 2458 sqq;
702 2388 882 2444 clavitSenec.
893 2386 973 2445 Herc.
983 2393 1039 2447 (ΕΙ.
1048 2414 1083 2449 vs.
1096 2400 1207 2468 1758sq:

152 2473 288 2543 Quintum
307 2469 363 2525 cat.
382 2469 432 2524 lll.
444 2497 477 2508 -
490 2469 654 2538 lneptissimo
703 2486 717 2510 «
729 2463 797 2517 Tam
810 2487 903 2536 parvus
916 2471 979 2522 einis
992 2473 1137 2528 Herculeus
1149 2487 1206 2540 este

150 2569 242 2603 rursus
256 2547 354 2619 ingenii
370 2546 428 2599 lusu
443 2545 554 2598 maculat
568 2546 655 2599 locum
702 2562 715 2588 s
729 2541 779 2596 huc
789 2543 832 2596 ille
845 2543 960 2599 decrevit
972 2547 1048 2617 gigas.
1057 2549 1083 2603 0
1093 2563 1205 2621 quante,

149 2628 355 2698 pulcherrimum
369 2647 376 2680 ε
388 2633 500 2678 armarat
509 2628 654 2688 deusidem,
702 2620 721 2664 ‘t'
730 2619 825 2686 Titan,
836 2621 863 2672 in
871 2621 1025 2677 nihilmoles
1035 2626 1206 2685 abitl...erce
1266 2618 1269 2623 ¹

149 2711 404 2775 :itemquecrenamh
419 2724 514 2772 nempe
523 2704 656 2758 Vulcanus
703 2715 717 2741 ¹·
730 2696 861 2749 Vl¹t⁰¹³m
869 2698 997 2754 Hercules
1004 2700 1207 2771 comptuitur-

150 2804 225 2839 arma
241 2785 297 2854 ejus
308 2783 492 2848 fabricaverat,
511 2791 538 2835 et
553 2782 656 2836 Vulca·
704 2792 718 2817 ¹·
733 2790 795 2824 nam
805 2795 811 2835 ;
822 2791 900 2842 quam
908 2775 965 2827 leve
973 2786 1012 2829 est
1018 2779 1121 2845 pondus
1128 2783 1207 2850 mihi,

150 2883 217 2929 m,
231 2861 280 2916 hoc
288 2871 339 2927 ως,
349 2861 431 2931 igni„
444 2860 600 2929 ⁶⁰¹P¹¹³²l¹¹⁸
611 2860 657 2912 ab.
704 2869 718 2894 ν
733 2846 785 2902 Cui
801 2860 871 2903 totus
883 2851 965 2904 ether
978 2854 1080 2922 pondus
1090 2856 1209 2913 incubuit

150 2948 294 3004 sumserat3
308 2937 458 3002 Homerus,
471 2935 496 2988 d.
507 2936 522 2988 l.
533 2956 598 2989 vers.
609 2954 656 3006 71,
706 2945 720 2970 ν
732 2924 796 2980 leve.
805 2949 819 2974 s
837 2928 942 2983 Achillis
956 2931 1055 2987 cineres
1068 2935 1129 2987 vino
1141 2956 1207 2990 eon-

152 3029 177 3075 ,1
189 3023 244 3094 ῥὶς»
256 3027 336 3081 em„
345 3007 479 3086 mm„
704 3022 805 3072 spersos
814 3017 840 3060 et
850 3018 986 3075 unguento
993 3009 1085 3064 Thetis
1092 3012 1210 3069 condidit

183 3098 241 3153 615.
253 3093 659 3161 Obesestautcimsexr'ffuusja·
705 3083 733 3135 ln
750 3103 834 3151 urna,
852 3105 951 3154 quam,
967 3089 1077 3143 Vulcani
1094 3112 1176 3162 opus,
1195 3115 1210 3149 a

152 3185 206 3238 cet,
224 3172 351 3228 sollemne
364 3171 530 3237 demortuo,
548 3170 592 3224 secl
605 3169 630 3222 h.
642 3167 659 3221 l.
705 3158 808 3213 Baccho
818 3175 951 3232 acceperat
962 3183 968 3216 ι
982 3167 1062 3220 Hom.
1076 3170 1100 3222 d.
1112 3171 1129 3223 l.

152 3270 248 3321 mgna
260 3270 320 3304 cum
335 3250 358 3302 vi
377 3260 433 3320 post
447 3248 581 3320 superiora
597 3246 658 3313 itta,
737 3237 794 3304 617·
806 3240 845 3291 A!
852 3246 925 3303 νῖνῖί,
942 3253 1137 3314 totumqueetc.
1149 3251 1210 3305 Non

150 3333 279 3384 tinore'lle
288 3331 413 3399 Phrygum
424 3337 471 3380 etc,
483 3337 509 3378 et
520 3312 545 3380 ἑο·
556 3314 661 3392 currens
706 3314 793 3368 miuus
804 3316 871 3371 bene
882 3323 1016 3388 sequentia
1029 3324 1061 3376 de
1075 3327 1156 3395 gloria
1170 3329 1212 3383 di-

152 3407 275 3477 proeclare
285 3406 321 3459 sic
333 3413 457 3468 exornat,
469 3407 499 3455 de
507 3416 558 3455 tam
571 3422 661 3470 magno
706 3403 754 3447 cta·
762 3421 796 3434 ··
806 3398 962 3464 Respondet,
977 3419 1091 3470 congrua
1105 3417 1144 3459 est
1156 3409 1213 3462 viro

151 3494 233 3539 mm
242 3485 346 3537 Achille
353 3485 444 3535 Nescio
453 3483 524 3548 quid,
537 3480 661 3549 porticula
706 3473 749 3525 illi.
758 3502 790 3514 —
798 3478 869 3540 Hac,
883 3477 915 3530 ab
928 3477 975 3532 hac
987 3493 1068 3549 parte.
1076 3512 1109 3524 -
1120 3488 1213 3540 laane'rr

152 3561 278 3633 minima,
294 3572 320 3615 et
331 3561 371 3612 vir
383 3559 524 3624 sensibilis,
536 3561 661 3626 qnodnon
712 3552 819 3604 Tartara
829 3574 880 3607 nor
893 3565 982 3616 sentr'l,
1001 3579 1137 3628 nunquam
1155 3584 1214 3617 mo·

153 3643 216 3692 bene
227 3638 370 3708 (exquisite
386 3657 449 3705 pro,
467 3655 520 3688 non
539 3655 660 3704 prorsus,
708 3630 798 3682 rietur.
808 3658 841 3670 -
849 3632 930 3686 Hunc
941 3636 1026 3690 locum
1036 3640 1093 3693 itae
1103 3643 1215 3711 vestigiis

154 3734 209 3769 non
218 3713 294 3784 plane
303 3716 313 3779 )
321 3734 409 3766 umam
416 3718 544 3780 compleat.
556 3714 608 3765 Pro
617 3732 663 3763 ne·
708 3707 827 3761 codicum
835 3713 968 3766 constituit
980 3716 1120 3785 Heinsius,
1134 3741 1214 3789 quem

154 3799 210 3847 scio
226 3797 303 3861 que'd,
314 3814 418 3859 parvam
432 3796 501 3861 quod
510 3803 558 3843 etr.
570 3810 663 3844 omncs
709 3783 809 3837 videat
824 3788 932 3841 Heroid‚
946 3790 1015 3857 XX,
1026 3795 1066 3845 62.
1081 3796 1112 3847 ln
1127 3797 1214 3867 Regiis

152 3867 210 3922 lere
221 3868 280 3921 libri
287 3871 373 3938 scripti
384 3869 512 3937 (exceptis
523 3868 663 3936 llegiisno·
710 3865 804 3916 nostris
818 3865 911 3933 legitur
924 3870 977 3919 Par
988 3874 1052 3932 tibi,
1072 3892 1125 3924 non
1147 3875 1213 3928 male

154 3946 230 4015 stris)
248 3946 347 3999 habent
365 3953 449 3999 nescio
471 3951 531 4013 quia
541 3965 661 4011 parvum,
711 3961 757 4009 per
773 3944 969 4013 apostrophen,
994 3947 1039 3998 sed
1061 3968 1135 4003 voces
1159 3973 1215 4006 nou

154 4031 225 4093 quod
231 4035 279 4078 etr⁴
288 4036 386 4077 mutato
396 4025 569 4077 distinetione.
577 4027 664 4075 Pam
710 4023 886 4085 concordant,
905 4023 953 4092 legi
970 4025 1041 4076 enim
1054 4026 1163 4082 deberet
1174 4052 1180 4084 :
1191 4043 1218 4085 et

156 4113 247 4155 autem
259 4111 285 4154 et
296 4103 372 4155 exiles
383 4122 436 4154 esse
448 4102 564 4154 solebant
574 4119 662 4163 urnae,
711 4102 760 4150 hac
769 4117 796 4150 es
808 4103 861 4152 Par
871 4106 931 4153 libi.
953 4104 1054 4166 letare,
1068 4124 1114 4157 nec
1127 4115 1217 4163 mam

156 4186 188 4232 u't
199 4190 307 4250 apparet
317 4199 348 4231 er
361 4180 408 4244 iis,
427 4198 486 4247 quae
499 4180 577 4231 ctiam
593 4197 664 4230 nunc
716 4179 822 4228 Tartara
834 4186 919 4229 senlr's.
932 4179 982 4230 Ed.
1080 4182 1083 4187 '

156 4268 307 4327 supersunt.
322 4259 463 4311 Praeiverat
480 4258 574 4308 Nostro
592 4258 664 4309 Pro·
744 4255 800 4305 620.
815 4256 965 4320 Cognoscere
975 4258 1009 4311 sic
1019 4260 1097 4312 etiam
1106 4261 1216 4316 Heroid.

155 4337 271 4404 pertius,
280 4335 305 4388 ll
313 4375 321 4400 ,
330 4352 371 4386 vn
379 4375 386 4400 ,
394 4339 423 4388 51
433 4334 492 4399 ,ubi
500 4334 594 4386 Briseis
600 4337 669 4385 tanti
713 4332 752 4385 lx
762 4370 769 4397 ,
781 4333 836 4397 151,
847 4334 873 4382 T
868 4353 885 4382 u
894 4353 985 4400 quoque
990 4356 1124 4402 cognosces
1130 4347 1156 4391 io
1163 4361 1215 4404 me,

156 4432 247 4479 corpus
253 4413 370 4466 Achillei
379 4415 541 4477 illarr'maque
551 4417 577 4461 in
585 4431 666 4476 parva
713 4414 852 4479 Meleagro,
869 4432 993 4477 sororum,
1008 4427 1035 4470 et
1049 4420 1115 4487 apud
1128 4421 1218 4474 Juni-

156 4495 263 4546 sustulit
273 4511 333 4544 ossa
346 4510 435 4559 manu,
451 4502 478 4543 et
490 4491 529 4543 lv
537 4529 545 4556 ,
559 4505 587 4540 xi
595 4528 603 4556 ,
619 4493 664 4556 14,
713 4509 778 4543 num
786 4529 794 4560 ,
806 4487 881 4556 XIV,
894 4505 939 4559 vr,
955 4511 998 4560 11,
1011 4497 1217 4552 utAlexaudrum

254 4590 323 4658 IV.
1017 4599 1057 4659 oft
