2708 5094
148 713 214 797 354
259 716 298 779 Ρ.
317 712 468 780 OVIDII
487 711 680 781 NASONIS
698 713 883 781 METAM.
908 716 995 782 LlB.
1019 718 1103 784 ΧΠ.

145 850 236 927 Bella
255 869 364 925 movet
380 851 533 952 clypeus,
551 851 656 954 deque
670 853 770 927 armis
786 881 876 927 arma
891 853 1055 931 feruntur.

145 968 220 1039 Nou
235 994 272 1040 ea
287 965 449 1065 Tydides,
466 993 537 1038 non
550 966 649 1040 audet
667 965 784 1070 Oileos
799 968 903 1067 Ajar,

143 1087 221 1158 Nou
237 1083 346 1156 minor
362 1083 517 1171 Atrides,
534 1113 603 1157 uon
621 1083 712 1158 bello
728 1085 836 1184 major
852 1105 885 1160 et
899 1113 988 1176 aevo,

145 1201 299 1286 Poscere,
316 1229 386 1274 non
400 1199 457 1273 alii
474 1229 481 1271 ε
498 1198 561 1275 soli
577 1198 757 1276 Telamone
773 1220 883 1277 creato

140 1316 340 1415 Laertaque,
358 1312 421 1387 luit
439 1331 539 1387 tantae
554 1313 674 1387 fiducia
691 1314 812 1391 laudis.

144 1430 176 1501 A
191 1459 225 1504 se
241 1430 430 1506 Tantalides
448 1461 534 1506 onus
547 1430 767 1532 invidiamque
782 1433 939 1519 remouit,

144 1547 385 1650 Argolicosque
402 1549 501 1623 duces
517 1548 635 1623 mediis
650 1549 820 1625 considere
836 1550 953 1624 eastris

141 1668 270 1756 lussit,
287 1685 321 1741 et
337 1666 511 1742 arbitrium
527 1666 597 1742 litis
614 1667 742 1767 trajecit
758 1669 793 1742 in
809 1695 934 1742 omnes.

137 1886 226 1936 posses
241 1871 316 1919 etiam
332 1871 359 1918 iu
376 1870 494 1918 morr'eute
508 1875 587 1916 matre
599 1884 649 1917 co·
687 1867 790 1935 fiducia
810 1866 895 1916 leudis
903 1863 983 1932 suit,
1006 1861 1117 1917 tidenter
1132 1862 1195 1917 insi-

137 1943 468 2010 guoscere.-Bcllamoee!.
486 1941 649 1993 occasionem
697 1962 776 2012 gnem
789 1941 859 1994 illam
871 1941 983 2012 gloriam
994 1940 1158 2013 adpetebant.

140 2020 239 2089 praebet
253 2017 503 2081 certamini-Pro,
514 2027 648 2070 certamen
730 2019 788 2072 626.
809 2021 978 2081 Tantalides,
1004 2019 1196 2089 Agamemnon,

140 2098 235 2161 initur,
245 2096 364 2165 gravius,
377 2092 578 2161 armaserumr,
589 2096 649 2164 quia
697 2097 771 2164 cujus
788 2106 862 2165 pater
882 2097 980 2151 Atreus
998 2095 1071 2150 lilius
1086 2095 1197 2167 Pelopis,

139 2174 219 2226 verbo
231 2170 320 2225 tudere
339 2171 429 2223 voluit.
697 2162 1198 2242 neposTantalisuerat.ls,qnnmesset

170 2252 227 2303 623.
240 2252 297 2302 Non
310 2248 463 2314 Menelaus,
478 2250 551 2301 Atrei
561 2248 645 2315 filius,
697 2251 896 2316 duxexercitus,
908 2250 996 2305 noluit
1006 2251 1128 2305 alterutri
1138 2270 1198 2306 aena

141 2339 204 2382 natu
212 2333 303 2385 melior,
317 2346 366 2381 nec
375 2328 560 2396 Agamemnon
568 2328 648 2382 frater
697 2326 863 2395 adjudicare,
877 2345 911 2380 ne
921 2331 1061 2389 absidiam,
1076 2329 1198 2384 tutamina

137 2406 226 2473 major,
238 2416 334 2459 etet-o.
344 2416 424 2471 natu,
437 2406 512 2459 annis
520 2445 528 2471 ,
536 2416 562 2459 et
573 2410 645 2469 bello,
696 2416 723 2458 et
735 2405 840 2472 odium,
852 2405 898 2458 sibi
907 2405 1079 2472 conciliaret,
1090 2406 1137 2461 sed
1146 2412 1198 2461 αὖτ’

140 2485 199 2552 quia
212 2502 315 2535 summa
327 2482 386 2535 betti
397 2524 404 2549 ,
415 2483 555 2552 imperium
568 2503 647 2552 penes
694 2488 768 2535 trium
778 2487 833 2536 litis
844 2482 947 2551 trajeci!
955 2489 983 2534 ie
993 2503 1098 2547 ouem,
1110 2484 1196 2549 voluit,

139 2581 209 2615 eum.
227 2562 291 2614 Erat
304 2581 349 2613 ret
362 2581 464 2628 regum,
483 2567 541 2630 ἄναξ
553 2564 648 2634 despue,
695 2571 725 2612 ut
736 2578 829 2613 omnes
841 2559 911 2612 illam
927 2578 1037 2614 eausam
1052 2582 1085 2617 ex
1096 2570 1197 2632 nquoet

138 2643 242 2708 Regno,
258 2637 328 2708 quod
341 2638 437 2691 habent
450 2649 562 2707 quatuor
573 2637 646 2690 MSS
694 2637 782 2704 bono,
795 2657 843 2706 pro
851 2638 953 2691 meritis
961 2639 1198 2711 utriusquejudiet·

137 2736 185 2788 pro
197 2721 278 2775 bello,
292 2726 317 2769 et
330 2717 400 2784 quod
413 2715 495 2785 placet
508 2716 647 2770 Burman-
694 2726 755 2767 rent
764 2737 770 2777 ;
780 2716 907 2784 apliom.
916 2714 1195 2789 odnstttft'njnt,

137 2808 174 2851 n'o
193 2816 246 2867 prae
265 2795 361 2862 altero,
378 2794 453 2848 fluxit
468 2816 499 2847 ex
510 2796 646 2863 interpre-
694 2802 721 2845 et
732 2791 815 2845 Pallas
826 2791 944 2859 judicant
956 2792 990 2846 ‹le
1003 2796 1087 2850 armis
1094 2793 1194 2850 Aelii&-

138 2876 245 2929 tatione.
261 2874 335 2926 Solet
352 2892 415 2926 vero
433 2874 529 2926 Noster
549 2871 646 2938 hujus·
695 2869 738 2922 sic
750 2880 776 2922 et
789 2869 906 2937 Quintus
917 2869 1020 2938 catv,
1035 2870 1193 2941 itemqu

139 2956 209 3008 modi
222 2955 352 3008 vocabulis
364 2971 477 3021 quornm
489 2952 526 3004 vis
539 2971 585 3004 usu
598 2949 646 3002 ‹le-
694 2950 766 3003 addit
781 2991 789 3015 ,
808 2951 917 3018 Ajacem
930 2962 957 3003 et
968 2951 1096 3025 Ulyssem
1106 2952 1192 3023 jndioes

138 3034 211 3086 fruita
223 3046 278 3097 est,
296 3030 392 3099 aliquid
407 3029 516 3097 anaplius
531 3028 645 3092 addere3
694 3026 741 3078 sibi
761 3027 904 3095 poposcisse
923 3027 1091 3097 Idomenea,
1104 3030 1193 3085 Nesto·

138 3111 167 3175 l,
189 3113 252 3176 750,
274 3115 367 3162 animis
386 3111 490 3174 equalis
510 3117 536 3158 e!
553 3112 645 3174 anuis,·
693 3122 750 3156 rem
761 3115 787 3156 et
800 3104 1053 3175 Agamemnonem,
1074 3108 1120 3163 sed
1136 3108 1191 3171 bos,

137 3189 205 3241 Vlll
216 3226 224 3251 ,
235 3188 300 3252 517,
316 3191 400 3238 animo
416 3196 528 3237 maturus
544 3195 572 3236 e!
586 3204 644 3237 evo.
694 3192 723 3234 ut
741 3181 865 3234 invidiam
878 3201 892 3234 a
904 3204 931 3236 se
943 3183 1112 3251 derivarent,
1128 3184 1190 3257 jndi-

136 3266 313 3315 -Solicreato
324 3282 372 3330 pro
382 3266 445 3313 solis
455 3267 554 3321 creatis,
566 3272 644 3330 atque
693 3261 762 3312 rium
781 3279 795 3312 a
817 3281 844 3313 se
866 3273 1004 3316 remotum
1026 3260 1188 3320 detulerant

137 3342 172 3391 ita
183 3341 288 3401 rescribi
305 3340 387 3392 voluit
406 3339 549 3404 lleinsius,
569 3349 645 3391 tanta
694 3338 823 3407 Trojanos
837 3349 864 3392 et
877 3339 991 3394 Pallada.
