2708 5094
302 790 1043 861 METAMORPHOSEON'LIB.XL
1136 797 1198 861 281

142 933 263 1005 Verum
280 931 341 1005 ubi
358 933 403 1006 sit
417 931 523 1007 nescit
541 961 548 1004 :
569 949 659 1005 tanta
676 930 836 1026 vertigiue
851 949 975 1031 pontus

140 1049 273 1133 Fervet;
294 1064 327 1120 et
344 1048 480 1121 inducta
496 1047 597 1148 piceis
613 1075 629 1119 e
644 1047 794 1123 nubibus
810 1048 928 1121 umbra

142 1169 249 1243 Omne
266 1163 346 1240 latet
363 1164 492 1252 celum,
510 1164 741 1265 duplicataque
758 1162 865 1237 noctis
883 1164 992 1258 imago
1010 1167 1076 1238 est!
1156 1185 1204 1237 ss«.

139 1280 317 1376 Frangitur
332 1280 467 1353 incursu
484 1280 628 1355 nimbosi
647 1279 792 1355 turbinis
810 1280 927 1367 arbos;

140 1396 317 1490 Frangitur
333 1412 368 1469 et
382 1395 544 1489 regimeu3
564 1394 747 1495 spoliisque
765 1395 913 1469 animosa
932 1414 1123 1496 superstans

141 1510 259 1596 Unda,
278 1508 369 1582 velut
384 1509 520 1597 victrix,
538 1509 683 1584 sinuatus
700 1511 840 1612 despicit
853 1511 979 1599 undas;

141 1627 210 1698 Nec
227 1622 349 1711 levius,
369 1653 467 1723 quam
486 1625 514 1697 si
533 1626 607 1725 quis
624 1625 757 1713 Athon,
775 1625 977 1713 Pindumve,
996 1624 1146 1700 revulsos

143 1740 225 1815 Sede
244 1769 321 1828 sua,
339 1757 428 1814 totos
446 1739 481 1813 in
498 1759 648 1840 apertum
665 1741 818 1816 everterit
833 1770 965 1843 aequor,
1155 1763 1204 1817 555

142 1855 349 1955 Pracipitata
365 1856 451 1943 ruit;
470 1855 657 1955 pariterque
673 1872 708 1929 ct
723 1856 869 1956 pondere
884 1872 918 1929 et
932 1855 1001 1929 ictu

143 1971 271 2065 Mergit
286 1970 321 2043 in
337 1970 402 2042 ima
415 1988 518 2044 ratem
537 2001 545 2043 :
565 1998 639 2044 cum
658 1999 722 2070 qua
739 1998 816 2071 pars
833 1998 951 2066 magna
967 1971 1115 2045 virorum
1199 1965 1201 1970 ’

145 2084 285 2180 Gurgite
302 2111 414 2184 pressa
433 2085 538 2179 gravi,
556 2113 663 2185 neque
678 2086 714 2158 in
731 2114 804 2159 acra
818 2086 965 2174 reddita,
983 2087 1053 2161 fato

138 2202 270 2274 'Functa
287 2227 349 2272 suo
365 2215 416 2272 est
433 2228 440 2271 :
461 2197 515 2271 alii
532 2217 642 2299 partes
658 2217 692 2272 et
708 2201 854 2274 membra
871 2201 987 2275 cariuae

144 2371 203 2442 gine
213 2372 439 2436 tantumstectere,
456 2369 526 2438 quod
537 2370 564 2422 in
576 2368 651 2422 Gro-
700 2373 760 2431 das,
771 2382 800 2424 ut
807 2375 833 2426 tl
840 2378 943 2425 sinuata
951 2373 982 2426 ad
992 2375 1063 2443 prius
1071 2378 1140 2427 anda
1146 2376 1209 2429 rele-

143 2450 225 2503 novio
241 2458 268 2501 et
285 2447 395 2500 Mentel.
412 2467 465 2501 esse
482 2448 653 2501 Burmannus
701 2459 775 2501 ratur
786 2449 847 2501 :sed
859 2451 936 2503 male.
947 2453 997 2503 Ed.
1006 2454 1180 2506 -Iteaalson
1191 2491 1212 2505 ..

144 2527 230 2581 docet.
239 2527 291 2578 Es.
701 2537 775 2579 totos.
791 2526 841 2579 llae
855 2546 930 2580 voces
945 2547 999 2580 nou
1012 2530 1114 2598 placent
1126 2533 1212 2585 Hein-

177 2611 235 2661 550.
250 2607 331 2658 Ossae
339 2608 402 2658 late!
410 2608 503 2658 salaai.
513 2604 588 2659 ldem
600 2606 653 2673 jam
701 2605 740 2658 sio
752 2627 759 2667 ς
773 2603 865 2657 suadet
880 2607 1034 2668 Pindumve,
1051 2612 1093 2660 ve!
1109 2610 1210 2672 Ossan,

144 2683 247 2737 dixerat
270 2702 346 2736 versu
368 2687 438 2748 Sao,
462 2692 532 2736 caret
554 2687 655 2751 ikaibas
703 2684 766 2736 Sede
776 2701 825 2735 saa
835 2693 921 2735 motos.
935 2682 1104 2745 Burmannus
1116 2686 1212 2740 auctoss

146 2764 247 2822 atter,
267 2770 314 2813 etc.
325 2789 357 2801 -
370 2764 459 2814 Noctis
474 2766 573 2829 abraae,
596 2781 655 2815 nox.
703 2761 822 2814 sitatibus
833 2758 974 2812 confirmat
985 2771 1012 2812 et
1023 2766 1083 2814 sede
1094 2773 1174 2815 motos
1185 2775 1213 2816 et

145 2835 232 2889 Multi
244 2839 256 2904 (
266 2847 293 2890 et
303 2836 377 2908 Regii
389 2838 471 2891 nostri
483 2835 496 2905 )
507 2844 601 2890 mortis.
703 2837 917 2891 revulsas-Non
926 2837 1100 2890 necessarium
1108 2840 1214 2893 estvul-

179 2919 237 2969 552.
253 2915 386 2983 Spolr'r‘s...
397 2919 472 2969 uada.
485 2915 582 2981 Unda,
596 2934 655 2985 qua
705 2925 791 2985 getam
802 2933 863 2967 cum
876 2913 988 2967 Heinsio
997 2913 1146 2977 sollicitare,
1155 2935 1213 2983 quae

145 2992 407 3063 malumetregimen
417 2991 530 3063 fregerat
538 3033 546 3059 ,
554 2999 652 3059 spott's,
705 2996 777 3049 enirn
790 2996 856 3048 bene
869 3014 895 3048 se
909 2994 995 3048 babet.
1007 2996 1213 3062 Eat-Pracipi-

146 3072 226 3124 annis
233 3072 288 3125 istis
296 3072 434 3137 detractis,
447 3077 570 3133 animosa,
580 3072 657 3141 (alibi
704 3085 761 3129 tata
767 3081 824 3129 rael.
835 3076 923 3146 Vulgo
930 3075 1118 3143 cadis-Regii
1130 3075 1214 3127 nostri

147 3150 268 3214 saperdas
278 3148 312 3201 de
321 3146 442 3215 victore)
456 3149 522 3201 elata
534 3159 604 3214 erat,
613 3160 655 3215 et,
704 3153 756 3208 boc
766 3154 881 3217 babent3
895 3165 921 3207 at
933 3154 1014 3208 codex
1026 3153 1050 3205 A
1061 3171 1139 3221 supra
1147 3171 1214 3218 pra-

147 3233 178 3276 ut
187 3225 300 3278 victores
312 3226 399 3279 occisis
406 3226 532 3293 hostibus,
540 3240 585 3281 sut
596 3225 657 3279 seras
705 3236 813 3298 cipitata
826 3231 870 3284 dat
882 3233 913 3284 ab
925 3231 1018 3285 eadem
1033 3249 1115 3283 manu
1127 3232 1214 3284 amaa.

148 3302 258 3373 dejecte
270 3304 363 3375 praeda
371 3317 512 3372 superstare
526 3305 657 3372 dicuntur,
705 3313 793 3363 -Nec
804 3314 883 3365 lesdas
894 3320 942 3365 etc.
956 3312 1017 3364 Non
1030 3310 1133 3362 minore
1147 3327 1216 3379 pon-

148 3381 185 3436 sic
195 3381 239 3435 itta
250 3394 396 3450 superstans
407 3385 481 3438 vietae
492 3384 551 3438 navi
561 3423 568 3450 ,
580 3404 610 3437 ex
621 3384 660 3436 al·
707 3388 769 3442 dere
784 3426 791 3454 ,
809 3393 967 3455 precipitata
984 3395 1052 3451 raa't,
1073 3388 1217 3457 precipitat

148 3460 263 3515 titudine
273 3481 319 3515 sua
328 3466 523 3529 despicitaadas
530 3469 656 3524 sabaatas,
706 3483 751 3529 se,
772 3483 845 3532 quam
863 3470 960 3531 siquis
980 3467 1067 3518 Athon
1087 3476 1135 3518 etc.
1157 3483 1216 3532 quse

149 3540 244 3608 flexas,
253 3553 373 3596 curvatas
380 3543 447 3596 circa
453 3563 556 3596 navem.
564 3544 659 3596 Fluere
707 3541 867 3610 comparatio
879 3540 941 3594 iude
951 3541 1038 3607 fluxit,
1051 3542 1111 3611 quia
1121 3541 1216 3595 fluctus

149 3618 206 3674 bne
216 3638 272 3674 non
285 3632 430 3690 potuerunt
444 3622 492 3674 uisi
509 3641 539 3674 ex
553 3621 660 3690 ingenio
708 3621 813 3674 max'imi
822 3629 918 3675 montes
927 3621 1104 3688 aquaramdici
1113 3620 1215 3684 solent;

148 3695 345 3751 fecundissimo.
363 3699 427 3752 Sine
439 3717 514 3751 causa
527 3698 673 3751 Burman-¹
709 3697 761 3750 vid.
768 3699 892 3751 Heinsius
900 3697 932 3751 ad
940 3719 1005 3752 vers.
1014 3700 1069 3753 538.
1083 3699 1217 3752 Ridiculus

149 3792 187 3827 no
204 3773 325 3845 displicet
346 3779 421 3828 Uada
439 3781 547 3844 despicit
561 3781 656 3839 undas,
709 3788 748 3831 est
755 3777 933 3831 Joc-nCruce
944 3818 951 3844 ,
962 3779 1006 3847 qui
1016 3777 1095 3830 alludi
1105 3777 1146 3828 bic
1155 3775 1219 3827 exis-

149 3869 201 3904 nec
211 3852 328 3905 multum
338 3853 462 3917 interest,
474 3863 564 3905 utrum
575 3873 663 3920 super-
711 3857 784 3908 timat
791 3855 821 3908 ad
827 3855 1040 3909 facinoraXerxis
1048 3851 1217 3915 etllerculis,

149 3938 225 3982 stans
234 3930 321 3999 legas,
338 3949 370 3982 an
383 3941 507 3998 superstes
518 3949 579 3983 cum
591 3931 660 3997 aliis,
711 3951 823 4001 quorum
834 3933 876 3985 ille
888 3933 977 3985 Athon
987 3931 1161 3985 acontinente
1175 3927 1219 3978 ab·

152 4026 236 4076 quum
248 4008 364 4062 boecduo
375 4010 521 4078 promiscue
534 4029 662 4078 usurpen·
710 4010 804 4076 scidit,
819 4010 861 4063 bic
874 4010 1033 4063 Thessaliam
1052 4016 1217 4075 stagnantem

152 4095 204 4139 tur.
216 4086 279 4140 Hoc
288 4087 397 4156 vulgatae
409 4098 449 4140 est
460 4088 591 4148 lectionis;
604 4087 663 4155 qui·
711 4088 913 4156 aperuitlmmo
921 4089 1008 4140 Athon
1019 4096 1044 4138 et
1053 4086 1161 4139 Pindum
1169 4103 1219 4153 po-

153 4160 215 4215 dam
226 4175 358 4230 superstat.
377 4194 410 4207 —
426 4167 523 4235 Regius
537 4176 626 4218 noster
638 4167 663 4218 A
710 4162 818 4232 suitpro
831 4161 1221 4231 montibusquibuscurnqueal-

154 4248 294 4306 superstat,
312 4241 665 4309 Bsaperstes.-M01Bur-
713 4241 824 4294 tissimis.

155 4333 269 4370 mannus
287 4319 360 4373 malit
378 4324 486 4384 despicit
497 4322 569 4379 alas,
590 4329 619 4370 ut
631 4318 664 4372 de
746 4319 800 4371 558.
813 4321 845 4370 Ia
855 4338 916 4370 aera
926 4318 1009 4375 reddi,
1025 4316 1121 4368 iterum
1133 4333 1221 4369 emer-

157 4397 278 4450 snteunis
288 4399 341 4465 jam
351 4399 376 4450 vi
387 4398 458 4450 venti
471 4397 583 4449 curvatis
593 4407 663 4465 agat,
714 4415 791 4465 gere,
804 4396 916 4465 prodire.
927 4397 1064 4460 Screddere
1072 4394 1145 4466 Virg.
1157 4396 1220 4450 AEn.

157 4490 234 4540 super
245 4493 310 4543 quas
322 4475 393 4529 unda
405 4476 534 4545 surgebat.
544 4502 578 4514 -
590 4474 665 4544 Regii
714 4473 768 4540 lX,
781 4473 1092 4535 raas-Hemracarr'ae,
1105 4484 1135 4525 ut
1144 4493 1222 4526 arem-

159 4552 239 4606 nostri
247 4551 345 4608 babent
353 4559 501 4622 seiunctaque
509 4557 666 4622 despae'cr'tua·
714 4554 760 4606 dra
769 4552 885 4623 calefieri}
900 4549 1014 4619 Plinius,
1028 4551 1070 4621 ll,
1084 4551 1166 4620 Epist.
1177 4571 1222 4620 17,
