2760 4710
326 331 840 402 METAMORPHOSEON
866 337 962 404 LIB.
988 341 1059 406 XI.
1153 345 1218 437 259

158 473 314 576 Alipedis
333 473 371 547 de
388 473 490 573 stirpe
507 473 590 559 Dei,
609 491 737 546 versuta
753 503 918 575 propago,

159 593 318 666 Nascitur
333 588 537 690 Autolycus,
555 588 679 662 lurtum
697 589 890 684 ingeniosus
905 591 945 665 ad
966 622 1079 681 omne,

161 706 233 804 Qui
249 707 354 779 lacere
370 704 542 792 adsuerat,
559 705 672 805 patriae
688 735 757 778 nou
773 706 915 802 degener
931 709 1029 798 artis,

161 822 313 896 Candida
329 821 370 894 de
385 821 512 917 nigris,
529 838 562 894 et
579 821 619 895 de
636 821 854 896 candentibus
871 841 950 898 atra.
1002 814 1005 819 Δ
1172 851 1222 902 315

162 938 319 1011 Nascitur
334 964 351 1009 e
368 936 515 1021 Phoebo,
534 964 674 1036 namque
692 955 742 1010 est
757 938 850 1012 enixa
866 938 1041 1035 gemellos,

164 1052 315 1126 Carmine
331 1051 434 1126 vocali
451 1052 574 1138 clarus,
592 1053 781 1153 citharaque
799 1054 1017 1129 Philammon.

163 1169 256 1266 Quid
273 1167 440 1269 peperisse
456 1167 558 1254 duos,
578 1185 611 1241 et
628 1169 689 1241 Dis
705 1167 866 1268 placuisse
883 1170 1036 1260 duobus,

161 1283 207 1356 Et
219 1284 298 1357 lorti
315 1285 486 1379 genitore,
500 1301 534 1357 et
548 1282 761 1383 progenitore
776 1287 920 1360 Tonanti
1029 1368 1032 1373 ,

161 1400 245 1472 Fsse
262 1415 365 1471 satam
383 1398 543 1499 prodest?
559 1427 601 1471 au
621 1398 718 1472 obest
734 1428 868 1500 quoque
884 1400 989 1496 gloria
1006 1401 1141 1477 multis?
1174 1428 1224 1477 320

163 1587 313 1641 Mercurius
326 1586 485 1640 velocissima
497 1597 535 1638 est
549 1588 669 1639 omnium
718 1610 731 1634 υ
744 1588 899 1641 ostendendi
910 1608 985 1643 causa
999 1610 1005 1643 :
1020 1609 1072 1659 quo
1086 1591 1225 1645 referenda

163 1667 335 1737 planetarum.
341 1666 515 1730 Ed.—St1'rps
523 1667 587 1727 Bet,
597 1665 670 1719 Deus
718 1690 731 1715 ι
744 1688 767 1722 e.
778 1689 802 1739 g.
811 1668 880 1721 turta
891 1670 991 1737 jocosa,
1006 1672 1153 1741 prestigia,
1165 1672 1225 1725 illu·

165 1746 455 1815 qnatenuseratstr'rps,
475 1752 561 1810 pater,
570 1763 668 1809 propa·
718 1770 731 1792 n
743 1744 828 1800 siones
846 1766 971 1800 sensuum
988 1760 1037 1802 etc.
1058 1748 1139 1816 Quod
1158 1751 1225 1803 uui-

160 1829 245 1894 gr’sr‘s‚
260 1822 467 1889 liliiUtrumque
478 1821 669 1875 vocabulumah
719 1836 848 1878 s'versum
856 1847 938 1896 quum
945 1827 1029 1881 Graeci
1037 1828 1227 1894 statumini

163 1903 302 1958 arboribus
313 1901 471 1955 trauslstum.
487 1902 528 1954 De
544 1904 671 1974 Autolyco
720 1902 835 1969 »sarton
844 1904 945 1970 dicant,
960 1906 1066 1975 ipseque
1076 1906 1225 1959 Mercurius

162 1979 364 2051 conlerllyglni
372 1978 483 2033 tabulam
491 1998 536 2031 aot
549 1990 589 2046 ,et
599 1981 670 2033 Phe·
718 2000 732 2024 »
744 1979 805 2032 inde
814 1988 925 2058 lstsrip,
939 1991 1037 2052 ytlrroia
1051 1985 1150 2059 s’pyaps'r
1159 1981 1223 2049 ‚sm

163 2058 254 2133 recyd.
265 2058 290 2111 d.
299 2058 316 2110 Ι.
325 2056 365 2110 De
373 2058 484 2126 coniuge
494 2059 551 2124 ejus
560 2058 617 2111 vide
625 2078 670 2111 su-
719 2053 841 2123 »secribus
852 2069 926 2124 optas
938 2071 985 2112 etc.
998 2059 1101 2122 audiat;
1118 2059 1227 2112 luerunt

163 2137 301 2210 praVlll,
312 2138 366 2207 738.
375 2136 399 2190 ls
409 2147 509 2204 poterat
519 2139 630 2188 candida
639 2140 670 2189 de
718 2154 733 2179 s
745 2135 789 2202 qui
797 2133 897 2203 decepti
905 2132 1091 2189 vocabulorum
1098 2136 1226 2207 (quorum

161 2222 254 2287 nr'prr's,
264 2216 667 2282 etlecasdentibnsotrasocere,·
719 2234 733 2258 ν
745 2232 858 2282 grecum
874 2224 901 2266 et
917 2214 1027 2267 latinum
1045 2234 1121 2268 usum
1135 2217 1226 2269 nesci-

161 2305 248 2350 artem
256 2294 326 2349 enim
335 2303 467 2362 acceperat
480 2314 494 2346 a
505 2304 577 2362 patre
588 2304 614 2347 et
625 2313 670 2348 no-
719 2311 732 2336 »
745 2292 824 2357 rent)
834 2291 935 2358 speciali
946 2301 973 2341 et
984 2292 1080 2346 notiori
1089 2293 1226 2362 significa-

157 2372 247 2427 torem
261 2384 288 2427 et
298 2371 412 2425 sormam
428 2391 518 2424 rerum
535 2382 668 2440 raptarum
719 2391 732 2417 a
745 2369 837 2435 tione,
858 2386 920 2420 euru
937 2366 1026 2420 surum
1046 2380 1073 2422 et
1092 2369 1225 2423 latronum

156 2450 281 2507 mutandi
295 2489 304 2518 ,
323 2470 359 2505 ne
378 2448 622 2519 deprehenderetur
640 2451 667 2503 iu
718 2469 731 2493 υ
745 2448 831 2514 (malo
840 2449 936 2514 sensu)
947 2445 1035 2500 Deum
1045 2446 1169 2502 tacerent.
1179 2472 1192 2494 ›·

153 2532 228 2587 torto
245 2528 426 2600 rapacissimus
446 2529 595 2598 Autolycus
612 2529 668 2582 Se·
751 2526 1227 2598 317.Corrnr‘r1evocali,cantu—Pti-

151 2608 276 2665 eundum
289 2607 471 2679 Pherecydem
485 2617 586 2675 poterat
599 2604 668 2659 sorta
714 2609 832 2659 [aanor.
841 2603 1014 2658 Constantius
1027 2603 1152 2657 Fanensis
1163 2604 1228 2656 scri-

154 2690 259 2747 morsos
275 2695 308 2749 ris
326 2691 415 2742 isthac
433 2702 537 2763 μορφῆς,
558 2686 584 2739 id
597 2687 667 2756 quod
715 2682 832 2737 bendum
839 2692 928 2736 censet
936 2684 1084 2743 Philemon,
1100 2680 1226 2735 utsitno-

152 2764 233 2827 ,letius
241 2765 352 2835 esplicat
361 2764 501 2837 Hyginus:
516 2787 528 2809 «ι
540 2765 667 2833 Ut'quid·
716 2779 778 2815 men
791 2761 822 2815 ab
834 2771 890 2815 arte
903 2759 1030 2827 ductum,
1043 2780 1058 2813 a
1071 2767 1146 2831 filos,
1160 2759 1226 2811 ami-

156 2867 173 2893 s
182 2844 248 2915 quid
255 2845 421 2913 surripuisset
430 2885 437 2910 ,
446 2845 473 2896 in
483 2864 667 2914 quamcunque
714 2858 774 2901 cus,
787 2849 814 2892 et
826 2846 880 2907 οἴμῃ
892 2877 899 2903 ,
910 2849 1011 2892 cautus.
1019 2866 1052 2878 -
1060 2835 1225 2909 Opinionem

158 2941 174 2968 ι
185 2920 303 2991 effigiem
320 2921 413 2987 vellet,
431 2932 666 2986 transmutaretur,
717 2913 1225 2969 ConstantiiFan.firmatuosterCodcr

159 3018 175 3045 ¹·
185 3019 219 3053 es
229 2998 288 3052 alho
297 2999 323 3052 iu
333 2999 455 3068 nigrum,
467 3000 507 3053 vel
515 3020 546 3052 ex
555 3000 631 3070 nigro
640 3001 667 3052 iu
717 2994 815 3065 Regius
826 2995 866 3061 A,
876 2995 920 3063 qui
932 2994 1026 3062 hahet,
1038 2995 1106 3049 male
1118 3005 1225 3060 umen,

160 3096 177 3122 »
189 3074 296 3141 album,
312 3077 340 3128 in
356 3089 497 3130 cornutum
515 3098 544 3131 er
556 3078 666 3142 mutilo,
715 3074 858 3137 Philemon
872 3070 963 3124 Codex
975 3074 998 3126 B
1006 3112 1014 3141 ,
1027 3076 1225 3127 Philammon.-

162 3172 178 3201 »
188 3150 219 3207 in
233 3154 352 3208 mutilum
373 3175 403 3208 er
421 3166 540 3208 cornuto.
553 3178 566 3202 υ
583 3156 615 3208 ln
629 3156 668 3208 his
715 3152 741 3205 ts
755 3151 826 3205 inter
843 3149 1035 3218 antiquissimos
1050 3152 1160 3206 musicos
1175 3171 1223 3204 re-

154 3227 261 3292 ,nrtilttu
275 3250 328 3285 nou
342 3237 448 3300 degener
460 3244 515 3286 erat
530 3232 667 3303 patrisDe
714 3228 908 3283 tertureriama
919 3229 1059 3283 Plutarcho
1067 3229 1098 3282 de
1107 3228 1209 3281 Musica
1217 3266 1224 3291 ,

156 3306 294 3365 tunditur
314 3322 342 3364 et
362 3308 437 3364 furtis
458 3311 585 3365 Mercurii
604 3314 672 3363 Jons'
716 3328 742 3378 p.
755 3309 825 3363 1132.
848 3308 952 3364 Choros
973 3308 1105 3379 virginum
1127 3309 1227 3378 primus

155 3384 221 3445 Em
240 3388 283 3445 lll
300 3389 331 3443 ad
344 3390 504 3456 Horatium,
527 3391 569 3443 lib.
586 3391 597 3443 l
614 3389 667 3444 Od.
716 3387 855 3441 instituisse
870 3389 981 3442 traditur
992 3387 1175 3459 aPherecydc.
1192 3414 1225 3424 —

153 3465 193 3521 ita
205 3465 322 3535 iudicat:
335 3489 348 3515 α
365 3468 503 3537 Quoniam
518 3468 625 3533 omnia,
639 3468 666 3520 in
716 3464 875 3519 Musaeum
893 3467 1005 3520 cauendi
1019 3466 1162 3519 certamine
1174 3482 1225 3516 su-

153 3566 172 3595 »
183 3544 281 3615 quihus
300 3548 399 3617 ingenii
414 3548 518 3602 solertia
533 3547 666 3613 cernitur,
715 3555 836 3614 peratum
845 3544 1019 3614 posteaoeulis
1029 3542 1225 3613 privarunt.Ed.

155 3641 171 3668 ι
183 3620 322 3679 Mercurio
337 3626 505 3688 tribuuntur,
520 3623 582 3677 hinc
595 3622 668 3676 Deus
749 3622 805 3675 318.
823 3624 858 3673 Et
875 3624 935 3674 [trs.
955 3623 1032 3674 Unus
1050 3616 1152 3671 lleinsii
1168 3621 1231 3686 qor'd

139 3696 171 3747 ὐ
180 3710 223 3755 est
235 3703 322 3754 omnis
335 3706 392 3755 doti
401 3724 430 3756 ae
437 3705 558 3770 frauder,
574 3701 600 3752 in
616 3719 667 3769 qua
715 3702 775 3754 ms.
794 3702 854 3754 Hae
870 3699 973 3769 generis
986 3737 993 3762 ,
1015 3695 1161 3749 amantium
1175 3735 1182 3761 ,
1201 3707 1228 3749 et

149 3796 171 3825 t·
181 3776 308 3832 callidum
321 3799 432 3833 acumen
445 3790 500 3845 est,
514 3798 563 3846 qua
575 3779 662 3846 impo·
716 3779 796 3848 prolis
813 3780 894 3847 gloria
910 3778 976 3830 elata
992 3772 1096 3827 Chione
1110 3773 1184 3841 perit.
1195 3801 1228 3814 —-

153 3874 171 3901 s
181 3853 258 3911 nitur
271 3867 299 3911 et
315 3856 433 3911 illuditur
451 3858 521 3921 aliis,
539 3855 580 3909 rel
598 3875 668 3924 pru·
720 3856 833 3907 Tonanti
849 3874 897 3923 pro
913 3860 1015 3906 tonante
1034 3847 1129 3919 (quod
1147 3849 1225 3907 halset

154 3952 171 3979 υ
181 3930 273 3989 tentia
284 3935 352 3988 civili
364 3956 392 3989 ac
405 3935 494 3988 bellica
507 3934 667 4002 postulante,
717 3942 807 3985 noster
819 3932 917 4001 Regius
930 3931 972 3995 B)
986 3949 1000 3981 e
1012 3929 1163 3983 melioribus
1178 3950 1226 3984 re-

153 4032 171 4059 »
184 4011 226 4066 vel
235 4014 316 4066 animi
328 4025 429 4067 tanturn
439 4011 586 4066 oblectandi
594 4011 669 4064 inuo-
716 4011 786 4077 cepit
809 4008 934 4062 Heinsius
954 4006 999 4075 qui
1021 4018 1048 4063 et
1070 4008 1144 4063 malit
1166 4020 1228 4062 soto

154 4111 170 4136 ¹·
181 4090 319 4159 centisque
332 4092 382 4160 joci
393 4091 503 4156 edendi,
518 4100 561 4145 aut
570 4089 668 4163 ingenii
714 4088 827 4155 prodest.
