2760 4710
339 327 865 398 METAMORPHOSEON
893 331 992 399 LIB.
1023 335 1068 399 X.

1164 360 1220 429 191

162 477 235 547 Nec
251 470 370 544 modus
387 464 443 543 aut
461 467 613 567 requies,
633 467 698 540 nisi
717 496 825 555 mors,
841 470 1004 570 reperitur
1018 471 1161 546 amoris:
1190 475 1194 483 ’

162 591 261 662 Mors
278 585 409 688 placet:
426 584 584 679 erigitur,
601 582 786 685 laqueoque
802 585 967 660 innectere
981 587 1092 664 fauces

158 705 318 780 Destinat
331 733 338 790 ;
351 719 411 787 et,
431 728 514 773 zona
530 726 660 773 summo
678 698 718 773 de
736 719 832 800 poste
848 702 1010 791 revincta3

168 854 188 883 «
207 820 290 892 Care
304 817 373 892 vale
392 818 529 917 Cinyra,
548 844 679 889 causam
696 834 728 888 te
745 816 891 914 intellige
908 820 1036 894 mortis.
1056 853 1079 889 n
1180 840 1229 896 380

165 933 284 1005 Dixit:
299 948 330 1007 et
344 932 481 1032 aptabat
495 928 632 1032 pallenti
649 929 777 1003 vincula
793 930 891 1004 eollo.

165 1051 339 1123 Murmura
353 1048 531 1122 verborum
548 1045 630 1120 fidas
650 1046 789 1119 nutricis
807 1045 846 1119 ad
864 1075 959 1121 aures

164 1164 354 1238 Pervenisse
371 1163 502 1249 lerunt,
522 1161 622 1236 limen
638 1160 797 1236 servantis
814 1160 962 1234 alumne.

162 1279 277 1375 Surgit
292 1308 396 1366 anus,
413 1296 599 1378 reseratque
614 1277 721 1362 sores3
740 1276 921 1376 mortisque
939 1296 1058 1377 paratae

160 1396 388 1468 Instrumenta
404 1393 539 1481 videns,
559 1394 667 1494 spatio
686 1390 869 1466 conclamat
886 1394 1021 1481 eodem,
1178 1419 1226 1472 aar,

163 1510 271 1610 Seque
285 1507 384 1596 ferit,
402 1506 589 1606 scinditque
608 1507 717 1595 sinus,
735 1526 910 1609 ereptaque
928 1508 1014 1582 collo

162 1696 192 1746 1,
202 1683 231 1746 i!
242 1681 519 1747 :Jsssaepaertpmetur
527 1682 668 1730 celatim

158 1757 270 1826 pondere
284 1760 351 1809 liin
367 1766 416 1810 ete.
431 1759 528 1809 Sumere
547 1764 670 1808 momenta

159 1835 216 1886 sere
229 1832 432 1898 utths,1v,
444 1848 500 1899 ru,
514 1836 559 1898 54,
572 1851 670 1883 samm

160 1918 276 1980 :inpetum
293 1912 380 1981 Supra
391 1913 457 1980 vlt,
473 1933 522 1984 79,
540 1916 670 1964 adsumere

160 1994 285 2043 comta
295 2011 314 2043 a
324 1995 410 2042 mni.

195 2069 252 2138 377.
262 2067 400 2120 nosmet
413 2066 488 2132 finis,
498 2077 527 2118 ut
536 2066 628 2118 Horat.
637 2066 666 2129 l,

162 2144 218 2200 Oet.
229 2162 277 2211 vt,
291 2166 320 2215 7,
331 2151 368 2197 sr'!
380 2149 468 2198 nodus
485 2150 556 2197 lasso
572 2148 664 2203 marai,

161 2223 203 2277 rel
221 2221 383 2286 moderatio,
402 2223 522 2287 Seneca,
538 2220 665 2273 Controv.

158 2322 207 2367 ao,
220 2303 364 2354 Fece'lr’sss's
369 2304 530 2369 amorefiuem
537 2306 665 2367 impetres,

156 2397 234 2445 quse
241 2380 349 2430 modun.
355 2377 434 2447 Apud
445 2378 553 2429 Terent.
564 2378 631 2429 Eun.
644 2377 665 2441 l,

156 2470 181 2522 1,
195 2475 240 2521 rs,
252 2456 385 2509 Parmeno
395 2466 488 2524 negat,
498 2474 615 2508 amorem
625 2455 667 2507 ad·

155 2533 261 2586 aurittere
271 2524 413 2586 nodum-
418 2534 528 2585 Amorr's.
543 2533 666 2585 Heinsius

155 2612 267 2664 malebat
277 2610 514 2666 amre-Heinsio
524 2629 583 2662 curn
596 2611 668 2662 Bur-

156 2688 340 2758 mannoplane
349 2686 504 2751 adsentirer,
513 2688 532 2739 si
545 2687 665 2740 codicum

157 2768 295 2820 auctoritas
310 2765 411 2818 adesset
423 2764 516 2832 aliqua.
529 2767 578 2816 lid.

190 2845 426 2913 37810rsplaecct.
436 2842 511 2894 Mors
519 2842 666 2895 remedium

158 2924 255 2975 amoris
262 2923 401 2985 ultimum,
413 2932 441 2973 ut
454 2921 532 2972 habet
540 2922 666 2990 epigram·

158 3017 203 3053 ma
212 3001 307 3054 incerti
315 3003 443 3061 auctoris,
457 3001 499 3051 tib.
514 3000 524 3052 l
535 3001 667 3052 Antholo-

159 3079 281 3148 ssl8,t²P·
292 3098 322 3132 2’
336 3099 343 3133 ἱ
354 3078 436 3155 Eponae
446 3087 512 3134 satin
527 3085 599 3146 ispi(
609 3087 628 3134 sl
642 3087 667 3132 δι’

159 3164 196 3223 μὶ
206 3160 291 3230 uiues·
305 3115 323 3211 l

158 3236 250 3306 αὕη,
267 3245 376 3308 θιμηὲκ
389 3261 424 3289 ssi
438 3242 463 3288 ri
477 3241 550 3288 'sarri-s
562 3242 665 3311 ipsicius

156 3312 255 3440 {sigon
265 3309 346 3378 Quod
355 3312 457 3375 suidas,
465 3324 495 3364 ut
503 3325 529 3365 et
539 3315 664 3377 Laertius,

185 3389 264 3442 rsteti
273 3389 367 3442 insuit
375 3395 584 3446 Eds-Destinat.
594 3411 667 3444 cons·

324 3161 350 3209 h
363 3165 387 3210 δι’
395 3165 456 3225 peti
465 3171 536 3210 retiret
543 3169 585 3220 τὴν
597 3163 667 3227 gitis«

716 1681 807 1732 mortis
817 1700 824 1743 ;
834 1689 860 1732 et
873 1680 1058 1748 anteponenda
1067 1692 1105 1734 est
1114 1682 1225 1752 vulgatas

717 1759 815 1826 (quam
825 1758 892 1810 male
911 1757 1007 1811 liabent
1023 1759 1099 1827 Regii
1117 1759 1223 1827 nostri)

715 1850 864 1902 cassamque
872 1838 983 1901 s'ntclls'ge
989 1853 999 1901 ,·
1009 1835 1080 1887 illam
1092 1835 1171 1905 igitur
1179 1854 1222 1888 re-

716 1910 780 1978 cepi.
789 1939 821 1949 -
829 1913 907 1963 De'tit
918 1923 961 1964 :et
970 1917 1084 1980 aptabat.
1097 1913 1222 1967 Heinsius

716 1986 822 2051 conjicit
832 1989 927 2039 Desste
939 1997 966 2039 e!
973 1993 1087 2054 aptabat.
1094 2017 1127 2029 -
1134 1990 1222 2042 Nostri

718 2062 793 2131 Regii
804 2074 830 2114 et
841 2067 950 2129 aptabat.
959 2094 991 2104 -
999 2070 1122 2129 Paneuei,
1133 2069 1223 2120 mortis

715 2141 880 2209 cogitatione.
928 2173 932 2183 .

747 2219 803 2271 ³82.
815 2219 945 2272 Numera
953 2226 1080 2273 valorum
1089 2233 1137 2275 etr„
1157 2226 1222 2278 Heu

715 2308 741 2350 et
755 2298 891 2366 sequentia
908 2300 997 2351 confer
1016 2319 1077 2351 eum
1090 2302 1220 2371 Virgilio,

717 2374 772 2429 Cir.
783 2375 830 2427 233
838 2394 894 2443 sqq.
904 2403 937 2415 -·
966 2379 1036 2436 s'des,
1049 2379 1130 2431 virtus
1137 2382 1220 2448 prima

714 2456 855 2508 nutricum.
866 2481 899 2492 -
911 2456 1037 2506 Nutricem
1051 2454 1117 2506 hanc
1132 2457 1220 2508 Anto-

715 2532 770 2584 nin.
783 2531 922 2595 Liberalis,
937 2535 983 2596 24,
1000 2532 1162 2602 Hippolyten
1175 2552 1222 2584 vo·

714 2622 763 2664 est.
776 2615 824 2664 Ed.
835 2639 869 2650 -
877 2612 1000 2662 Alamuae.
1017 2611 1141 2663 Heinsius
1152 2630 1222 2664 eon-

715 2692 769 2759 jicit
785 2696 927 2749 alumnum,
951 2703 1029 2759 atque
1047 2690 1125 2742 etiam
1143 2708 1221 2754 mox,

715 2788 790 2821 versu
803 2773 851 2834 4¹5
861 2774 953 2834 ,pedes
964 2773 1087 2820 alumnos.
1100 2795 1134 2808 —
1147 2768 1222 2838 liegii

716 2848 796 2898 nostri
805 2848 831 2898 in
843 2857 954 2914 utroque
964 2848 1021 2899 loeo
1027 2857 1134 2898 servant
1144 2850 1221 2898 ulum·

715 2942 759 2975 ue.
766 2950 800 2962 ·-
809 2925 896 2975 hines
902 2930 1025 2977 servantis
1032 2929 1152 2985 alumne,
1163 2944 1221 2978 eus-

715 2999 792 3052 totis
806 3021 882 3052 causo
895 3003 1013 3055 cubantis
1029 3003 1098 3068 iusta
1114 3003 1222 3056 cubicu-

714 3077 769 3129 lum
777 3078 890 3130 alumna
901 3081 1166 3150 :senarepassimpro
1174 3081 1218 3132 ob·

714 3174 838 3219 servare,
856 3156 994 3208 custodire.

748 3238 804 3301 384.
821 3237 1068 3303 lllorte'sqneparalae.
1086 3237 1222 3289 Mediccera

714 3323 741 3366 et
754 3323 868 3381 quatuor
886 3313 927 3364 alii
940 3324 1079 3379 parantem.
1096 3340 1129 3353 —
1147 3315 1220 3379 liegii

714 3393 896 3458 nossdpamtae
901 3392 1220 3459 -Morts'sparstae,quane

154 3468 228 3521 tituit
236 3508 245 3534 ,
258 3479 289 3521 ut
298 3470 435 3539 :pissime
448 3470 516 3538 apud
532 3472 664 3533 Plinium,
714 3471 769 3538 ipsa
782 3470 830 3522 sibi
842 3471 963 3537 parabat,
975 3480 1019 3521 ant
1033 3469 1064 3521 sd
1077 3487 1157 3536 quam
1168 3469 1221 3517 ins-

155 3548 184 3601 in
197 3547 328 3616 RPl³¹⁰ll²
715 3562 848 3604 trumenta
859 3564 992 3620 paraverat
1001 3568 1103 3616 :parare
1109 3553 1219 3605 mortem,

187 3625 246 3679 38⁰.
268 3628 379 3679 Cassam
390 3634 416 3678 te
431 3631 548 3693 intellige.
571 3626 666 3692 Quum
713 3642 839 3698 utpmre
848 3639 912 3685 vem.
926 3633 1016 3697 sugam
1027 3628 1222 3680 ete-lustru-

154 3702 381 3776 Myrrlsaeausam
390 3705 588 3758 mortisnemiui
601 3706 665 3756 sassa
714 3719 805 3763 menta,
823 3711 924 3761 zonam
939 3707 1023 3774 laquei
1037 3704 1091 3759 vice
1110 3707 1142 3753 de
1149 3712 1223 3767 poste

154 3787 234 3848 esset,
243 3794 324 3851 pater,
333 3785 385 3838 lilia
393 3787 526 3849 exstincta,
533 3786 602 3837 illam
608 3802 665 3835 eau-
713 3792 856 3839 revinctam.
865 3785 913 3837 Ed.
922 3813 954 3823 -
961 3785 1055 3849 Quum
1062 3780 1224 3833 cunctationi

152 3878 213 3914 sam
220 3858 364 3932 intelligere
373 3883 427 3915 non
438 3875 546 3932 poterat.
557 3865 666 3916 Praestat
714 3864 785 3916 locus
800 3881 855 3914 non
868 3872 953 3924 esset,
966 3858 1055 3911 omnia
1067 3856 1127 3908 iacit
1139 3863 1221 3923 spano

150 3940 237 4010 igitur
247 3938 406 3994 hauddubie
422 3947 498 3996 nnius
512 3941 626 3994 Medieei
638 3952 665 3994 et
714 3948 806 3995 eodem.
816 3940 849 3992 Et
857 3950 886 3991 ut
895 3934 1036 3989 multitudo
1044 3952 1133 3987 rerum
1144 3935 1222 3990 simul

150 4018 330 4073 Arundeliani
347 4022 440 4084 lectio,
462 4039 565 4072 causam
579 4030 604 4073 le
618 4024 666 4069 in-
713 4027 880 4089 peraetarum
896 4015 994 4066 facilins
1012 4012 1159 4081 sentiatur,
1180 4027 1221 4071 ter

150 4100 240 4164 tellege
253 4103 343 4150 mom?
355 4118 363 4148 :
375 4099 438 4150 scito
454 4110 480 4152 te
492 4117 546 4152 esse
562 4114 667 4151 eausam
715 4096 909 4164 repetiturque.
922 4118 955 4132 -
965 4095 1098 4154 llilam'at,
1114 4097 1219 4165 rumpit,
