2760 4710
329 251 1078 340 unruuoanuosnonun.rx.
1164 287 1225 356 ηρ

172 426 189 457 a
207 393 255 466 Et
269 391 376 466 crebri
391 391 581 493 amplexus,
598 410 632 466 et
649 422 737 493 qua,
755 395 784 466 si
797 395 880 468 sorte
895 399 1035 489 notasti,

172 539 190 573 »
211 505 335 581 Oscula
351 506 466 579 sentiri
481 535 552 579 non
567 534 638 581 esse
655 509 781 583 sororia
799 528 955 609 possent:

173 654 191 686 »
211 624 289 722 lpsa
303 638 426 709 tamen,
445 622 592 722 quamvis
610 623 719 695 auimo
733 652 828 718 grave
845 625 964 700 vulnus
980 627 1160 716 habebam,

173 768 192 801 a
211 736 368 832 Quamvis
384 736 474 809 intus
491 754 560 808 erat
575 737 669 808 suror
682 739 817 831 igneus,
837 741 944 816 omnia
961 742 1039 829 seci,
1174 769 1224 836 540
1330 824 1336 837 ‚

174 884 192 917 a
211 851 295 925 Sunt
308 851 390 923 milri
408 852 454 923 Di
468 868 587 937 testes,
606 869 644 924 ut
662 853 791 926 tandem
808 855 919 929 sanior
935 885 1056 934 essem:

174 1002 191 1033 »
210 960 423 1067 Pugnavique
441 967 498 1039 diu
513 964 655 1040 violenta
672 968 849 1069 Cupidinis
865 999 952 1045 arma

170 1116 188 1147 »
207 1082 361 1178 Effugere
378 1079 513 1167 inselix;
532 1098 565 1154 et
581 1081 675 1181 plus,
694 1112 792 1182 qnam
808 1084 891 1159 ferre
908 1086 1052 1186 puellam

170 1229 188 1262 a
206 1198 308 1270 Posse
322 1214 438 1297 putes,
459 1224 521 1291 ego
539 1196 619 1270 dora
634 1196 694 1270 tuli
710 1228 717 1270 :
734 1217 884 1299 superata
901 1201 995 1275 lateri

167 1346 187 1381 u
207 1315 338 1409 Cogor,
357 1341 521 1414 opemque
537 1330 625 1386 tuam
643 1313 765 1387 timidis
780 1343 955 1416 exposcere
972 1318 1077 1391 votis
1175 1335 1224 1410 545

169 1462 187 1493 ι)
205 1430 258 1501 Tu
276 1455 401 1501 servare
417 1445 529 1528 potes,
550 1445 586 1500 tu
602 1427 736 1528 perdere
750 1428 842 1504 solus
858 1449 1029 1505 amantem.

169 1576 188 1608 »
207 1542 320 1637 Elige,
336 1562 448 1617 utrum
465 1543 561 1616 facias
576 1571 583 1613 ε
599 1571 666 1615 non
680 1544 744 1616 hoc
760 1545 891 1618 inimica
908 1564 1079 1646 precatur:

172 1689 190 1721 n
215 1657 282 1730 Sed
299 1686 389 1758 qua,
406 1687 506 1758 quum
526 1657 588 1729 tibi
603 1659 648 1730 sit
662 1657 881 1756 junctissima,
897 1661 1042 1758 junctior
1058 1689 1129 1736 esse

175 1808 195 1841 u
215 1773 371 1873 Expetit,
388 1790 421 1846 et
436 1772 541 1846 vinclo
558 1789 664 1846 tecum
681 1774 835 1874 propiore
851 1773 955 1870 ligari.

168 1920 189 1954 n
207 1889 292 1961 Jura
306 1914 400 1961 senes
414 1888 545 1980 norint3
562 1905 594 1960 et
612 1887 694 1987 qnid
714 1886 891 1988 liceatque,
909 1890 1083 1990 nefasque,
1173 1912 1222 1964 550

169 2036 188 2068 a
205 2003 336 2102 Fasque
351 2001 408 2092 sit,
426 2001 613 2101 inquirant,
632 1999 811 2104 legumque
824 2004 969 2076 examina
984 2022 1131 2078 servent:

163 2192 204 2246 sio
213 2190 329 2262 plmbat
338 2210 345 2244 ε
355 2189 399 2244 sed
412 2198 544 2243 notanou
558 2207 670 2247 moveri·
719 2190 811 2259 quibus
819 2208 900 2243 nemo
910 2189 1028 2243 resistere
1041 2196 1222 2259 potest—Ha-

163 2271 231 2325 dum
243 2290 250 2324 :
264 2270 298 2324 ita
307 2279 374 2323 nota
383 2276 440 2327 ira,
453 2269 574 2334 excitata,
584 2270 668 2334 Vlll,
717 2272 804 2321 bedain
818 2284 827 2331 ,·
847 2267 1016 2321 Burmannus
1039 2267 1144 2335 conjicit
1161 2275 1220 2323 ale-

162 2351 229 2414 3555
248 2358 276 2402 et
292 2350 399 2418 sepius,
418 2352 482 2399 moti
493 2349 603 2407 dolores,
624 2346 668 2410 ll,
718 2351 786 2408 baar,
799 2363 957 2414 quamquam
967 2363 1015 2397 nec
1024 2344 1135 2397 alterum
1144 2346 1221 2398 dam'-

163 2429 439 2498 778310101'1250121'1,
456 2423 670 2487 111,536.-Nec
717 2435 782 2478 nat:
798 2425 879 2477 immo
895 2444 910 2476 e
926 2423 1011 2492 phrasi
1027 2425 1117 2475 habere
1131 2429 1222 2478 vulnus

163 2508 361 2572 casamenti,
379 2519 462 2570 quum
475 2500 549 2552 tacita
561 2500 665 2561 sedens,
716 2502 894 2571 explicandam
908 2505 1000 2553 mone't
1015 2500 1154 2553 formulam
1168 2505 1222 2554 ha-

163 2590 207 2634 aut
216 2580 287 2634 iuter
297 2596 435 2633 sermones
446 2596 500 2629 uon
514 2579 668 2633 tristessus-
717 2580 771 2634 tet!
780 2583 887 2634 -Deos
897 2581 963 2649 ipsos
972 2590 1089 2645 testatur,
1102 2599 1128 2633 se
1137 2587 1222 2634 amarit

163 2660 424 2729 picarum-Soron&
434 2661 522 2710 oscula
532 2657 610 2709 etiam
623 2677 669 2710 su-
716 2658 820 2724 secisse,
833 2669 860 2712 et
871 2662 1060 2726 duismense,
1074 2668 1103 2710 ut
1114 2659 1222 2714 tandem

163 2759 225 2809 pra,
238 2739 290 2805 lv,
302 2739 360 2804 334.
373 2735 490 2800 Confer,
504 2737 546 2801 ll,
559 2737 615 2803 4³¹·
716 2738 803 2791 sanior
812 2748 892 2804 esset,
905 2758 984 2808 seque
996 2738 1161 2792 adeodatam
1174 2739 1222 2806 (id

194 2819 428 2890 stuprum»,
442 2823 608 2885 quamvisetc.
618 2819 668 2871 Ar·
716 2825 755 2868 est
767 2853 775 2881 ,
790 2816 946 2880 coufirmsto
958 2818 1046 2870 animo
1058 2827 1085 2869 et
1097 2817 1220 2888 fortiter)

161 2893 311 2964 pumentia,
332 2894 426 2962 quibus
441 2903 557 2961 poterat,
572 2896 668 2963 gravis-
710 2896 770 2960 plus
782 2892 882 2957 tulisse,
896 2911 974 2959 quem
981 2897 1073 2958 puelle
1084 2895 1221 2948 infirmio-

161 2971 237 3026 simia
254 2971 338 3024 utitur
355 2968 389 3023 ad
414 2970 667 3025 commiserationem
714 2971 1220 3039 remoetatemetsexuml'erreputea‚sed

161 3045 469 3115 faciendam,l'ratrieque
481 3047 667 3103 animumllec-
714 3065 741 3098 se
754 3056 811 3114 post
827 3044 893 3099 hauc
910 3055 1009 3098 tantam
1027 3056 1053 3098 et
1068 3045 1221 3100 diuturnam

162 3120 501 3187 sendumavimmihifeci,
511 3133 539 3176 ut
547 3124 668 3177 insanum
716 3141 830 3192 pugnam
844 3121 949 3174 taudem
960 3134 1101 3189 superatam
1113 3144 1175 3177 esse.

160 3200 676 3270 amoremrestingueremmltcuuoso-
748 3201 802 3270 549„
825 3202 941 3265 Pmptlm
960 3203 1050 3266 legam
1079 3202 1220 3253 Vossianus

157 3276 234 3330 roris
251 3274 320 3329 salin
337 3277 453 3344 pendet,
473 3295 528 3344 quae
547 3287 572 3329 tc
593 3278 667 3331 unice
710 3282 823 3343 propiore
833 3281 928 3329 terreri:
939 3276 988 3331 hoc
999 3277 1108 3329 verbum
1120 3296 1182 3328 sane
1195 3285 1222 3327 et

157 3363 243 3408 amat.
251 3350 333 3420 Quod
340 3351 669 3421 petohaudinconreuiens
715 3355 748 3408 de
760 3355 863 3409 vinculo
872 3366 899 3409 et
910 3355 942 3409 de
950 3357 1096 3408 amantibus
1109 3355 1219 3414 dicitur;

155 3429 290 3485 mannis
298 3430 515 3495 nosuu,etclam
524 3431 611 3499 peragi
624 3448 669 3497 po·
715 3430 896 3501 sedquoniam
912 3442 991 3484 tecum
1009 3430 1130 3492 additur,
1147 3433 1225 3492 ligare·
1306 3425 1312 3434 ¹

157 3518 223 3562 test.
230 3506 360 3568 Miserere
366 3526 431 3576 ergo
439 3509 498 3561 mei.
508 3531 520 3554 u
529 3507 582 3562 Sed
594 3508 668 3575 vide,
716 3526 808 3563 verum
820 3520 906 3561 est-
915 3507 991 3576 Regii
1000 3505 1082 3558 nostri
1094 3504 1162 3554 bene
1174 3500 1223 3552 ha·

155 3601 249 3653 quam
264 3583 378 3652 graviter
396 3584 495 3652 singula
516 3595 542 3636 et
561 3594 618 3652 apte
637 3583 669 3635 ad
716 3585 871 3653 bentlr'gan'.
958 3626 960 3629 .

152 3660 273 3713 veniam
292 3659 483 3730 impetrandam
501 3661 670 3714 exornaverit.
750 3665 806 3714 ⁵50.
826 3663 917 3713 Liceat
929 3675 977 3725 per
993 3654 1075 3720 leges,
1092 3650 1165 3716 nestas
1176 3672 1224 3720 per

152 3738 260 3792 vetuti
271 3738 303 3790 ab
316 3739 389 3792 initio
401 3758 518 3791 amorem
532 3757 608 3790 suurn
622 3756 669 3789 vo·
717 3749 854 3793 naturam:
864 3735 920 3786 Cic·
930 3748 978 3798 pro
986 3728 1044 3779 Mil,
1056 3729 1084 3778 15
1092 3766 1099 3791 ,
1107 3732 1226 3794 quoderat

150 3827 203 3874 ont
211 3835 293 3884 {rare
306 3820 397 3869 valan
407 3827 433 3869 et
437 3816 548 3881 summu
559 3822 670 3882 aqueum,
713 3834 760 3881 per
770 3825 885 3866 naturam
891 3810 941 3873 sas
954 3813 1032 3861 emt,
1050 3811 1095 3853 au!
1102 3822 1149 3869 per
1157 3808 1225 3872 leges

150 3913 217 3950 non
229 3911 246 3946 a
255 3911 284 3946 se
295 3885 350 3962 ipsa
363 3894 499 3946 excitatum
511 3931 518 3957 ,
535 3891 580 3945 sed
596 3894 672 3959 Cupi·
717 3896 808 3943 decret.
819 3913 852 3926 -
861 3884 989 3935 examina
1000 3887 1109 3966 servent,
1121 3886 1224 3936 exami-

150 3976 230 4026 dr'ar's
242 3971 325 4024 amis
339 4008 347 4035 ,
365 3969 393 4021 id
406 3979 460 4035 est,
474 3969 528 4022 telis
542 3971 670 4031 woleatr's,
719 3977 802 4032 nent,
815 3967 933 4032 perstent
943 3973 1089 4009 flammare
1100 3957 1183 4028 leges,
1195 3975 1225 4017 ut

297 4068 372 4135 IV.
1035 4082 1057 4144 9
