2760 4710
155 328 221 420 398
436 322 477 387 n.
509 318 694 386 ovxuu
719 316 955 386 nasouxs

156 464 363 558 Contingent
379 460 493 549 lletus,
510 461 755 561 peregrinaque
771 458 911 533 haustus
927 485 1050 532 arenae.

156 579 278 656 Omnia
295 576 517 679 perdidimus;
536 594 707 676 superest,
727 605 786 649 cur
802 577 908 649 vivere
926 570 1066 677 tempris

154 698 195 769 ln
211 695 311 767 breve
326 691 523 776 sustineam,
543 690 654 791 proles
672 690 857 784 gratissima
873 690 988 777 matri,

155 815 253 885 Nunc
270 809 381 895 solus,
401 808 569 910 quondam
586 808 741 882 minimus
757 808 798 883 de
816 810 919 910 stirpe
934 807 1047 895 virili,

155 929 227 1000 Has
241 926 337 998 datus
353 924 490 996 Ismario
508 923 576 1018 regi
593 921 781 1021 Polydorus
797 923 832 994 in
850 951 935 996 oras.
1157 941 1219 1023 Ι53ο

158 1041 252 1139 Quid
268 1068 380 1112 moror
395 1039 518 1112 interca
536 1037 682 1111 crudelia
699 1035 831 1111 vulnera
846 1036 994 1138 lymphis

157 1155 321 1242 Abluerc,
338 1172 371 1228 et
389 1183 522 1257 sparsos
539 1154 658 1229 immiti
677 1154 835 1248 sanguine
854 1152 993 1226 vultus?
1010 1183 1030 1215 a

158 1272 275 1347 Dixit:
291 1290 324 1345 et
340 1272 381 1344 ad
397 1270 477 1344 litus
492 1300 592 1372 passu
611 1270 761 1373 procedit
776 1269 875 1355 anili,

158 1388 320 1462 Albentes
335 1385 456 1460 laniata
473 1415 607 1461 comas:
625 1421 642 1452 «
660 1388 762 1473 Date,
778 1386 946 1469 Troades,
967 1411 1110 1472 urnam,
1128 1415 1147 1447 s

157 1504 296 1577 Dixerat
311 1502 444 1592 infelix,
462 1502 604 1605 liquidas
621 1504 768 1576 hauriret
785 1521 822 1577 ut
838 1501 967 1577 undas:
1176 1516 1218 1571 ⁵35

156 1620 312 1720 Adspicit
331 1620 469 1717 ejectum
484 1617 642 1719 Polydori
660 1620 696 1692 in
711 1618 810 1693 litore
828 1646 969 1718 corpus,

156 1739 320 1835 Factaque
337 1731 504 1808 Threiciis
517 1734 663 1828 ingentia
681 1734 815 1808 uulnera
834 1731 916 1806 telis.

156 1852 301 1925 Troades
317 1849 521 1925 exclamant:
538 1851 708 1925 ohmutuit
725 1850 781 1924 illa
795 1850 929 1936 dolore;

155 1970 202 2040 Et
219 1968 343 2067 pariter
358 1996 488 2054 vocem,
507 1966 730 2068 lacrymasque
748 1968 912 2041 introrsus
930 1965 1074 2039 obortas

155 2084 302 2156 Devorat
317 2087 390 2184 ipse
407 2083 526 2171 dolor,
546 2082 695 2185 duroque
711 2082 876 2157 simillima
893 2110 975 2155 saxo
1175 2099 1214 2169 540

152 2282 307 2333 -Haustns
320 2299 416 2342 mnae,
433 2280 558 2349 particula
573 2279 664 2333 hausta
714 2276 963 2346 tremorempedum
973 2286 1086 2343 notare,
1099 2275 1214 2331 sederant

153 2377 247 2412 arenae.
266 2357 358 2425 Quam
374 2357 500 2411 invidiose
517 2359 553 2410 ita
568 2357 664 2410 huma·
712 2367 833 2421 tantum,
846 2365 875 2407 ut
885 2354 981 2424 passim
994 2360 1139 2422 w‘rgr'ueaes,
1148 2354 1215 2422 sai*

152 2436 256 2489 tionem
264 2436 292 2488 in
304 2447 374 2489 terra
387 2436 525 2505 peregrina
537 2434 663 2489 declarat!
712 2453 774 2487 aeus
785 2444 834 2487 etc
850 2433 910 2501 quia
922 2451 990 2485 auus
1001 2444 1079 2498 erat,
1092 2443 1216 2502 propterea

187 2514 313 2582 527-530.
332 2515 425 2565 Omnia
439 2516 594 2580 perdidimus
613 2524 663 2565 etc.
711 2517 780 2565 anr'lt'
787 2530 861 2582 passu
870 2510 997 2580 procedit
1007 2511 1063 2565 Hic
1070 2511 1165 2564 deserit
1173 2510 1216 2563 Ett-

153 2593 282 2649 Praeclare
297 2591 392 2644 desinit
403 2592 431 2642 iu
443 2590 493 2643 hoc
504 2591 596 2643 solatio
609 2611 615 2643 :
628 2593 663 2643 ita
712 2591 846 2660 ripidem,
862 2589 931 2658 apud
951 2608 1036 2657 quern
1048 2631 1056 2657 ,
1079 2610 1145 2644 vers
1160 2589 1216 2657 578,

153 2672 226 2724 enim
244 2671 337 2722 lortius
354 2668 435 2721 sentis
454 2667 594 2733 dolorem,
610 2689 663 2738 quo
712 2668 822 2732 ancilla,
841 2685 936 2735 aquam
951 2667 1092 2719 marinam
1107 2666 1218 2720 tmen

153 2747 299 2801 miserrima
311 2756 396 2797 mater
411 2745 575 2797 cruciabatur
592 2765 662 2798 con·
712 2746 789 2798 missa
797 2748 813 2810 ,'
821 2744 905 2797 adfert
918 2744 1047 2815 Polydori
1059 2764 1161 2815 corpus

151 2834 240 2891 specto
263 2833 371 2891 repente
392 2820 470 2889 hujus
491 2842 596 2891 quoque
616 2823 662 2875 lilii
738 2824 917 2891 &plangeant
925 2821 1218 2877 vnlneraillustrath

152 2904 366 2968 corpore-Cur
375 2918 439 2969 pro,
454 2912 562 2970 propter
574 2920 662 2968 quem.
712 2919 826 2953 manuus
837 2921 852 2952 e
865 2900 960 2963 Floro,
976 2900 1005 2954 ll
1014 2922 1051 2966 ,·7
1062 2921 1070 2953 :
1083 2923 1098 2946 «
1111 2900 1219 2952 Virtam

152 2980 371 3045 -Isurarr'oregr':
382 2978 554 3049 Polymnestori
564 3018 571 3044 ‚
581 2979 664 3031 Thra·
712 3001 725 3024 υ
740 2997 794 3030 non
805 2977 934 3047 spiculis..
944 2971 1008 3030 .sed
1022 2979 1176 3047 ingentibus
1183 2975 1220 3046 pi·

153 3056 662 3122 ciaeregimamlsmarusThraciaemons
712 3078 725 3101 a
740 3056 784 3119 lis,
802 3075 851 3109 nec
867 3054 1017 3108 minorihus
1030 3056 1125 3110 adacta
1139 3054 1219 3127 gladiis

153 3144 200 3187 est.
212 3133 261 3184 Ed.
712 3158 724 3179 u
739 3136 807 3188 ultra
826 3146 940 3187 mortem
961 3135 1127 3203 patebant»
1146 3133 1221 3189 Addit

187 3211 484 3277 532.Imm1'tr'ssan5ur's,
498 3212 542 3280 qui
554 3213 661 3281 prolluit
709 3214 852 3282 explicandi
873 3225 911 3267 rei
924 3218 994 3265 ultra
1009 3226 1119 3266 morlens
1135 3231 1221 3276 musa,

154 3308 201 3358 per
211 3286 314 3339 hostem
322 3286 462 3339 immitem.
471 3289 549 3342 Unus
559 3291 661 3343 lleinsii
710 3301 764 3343 tam
771 3292 849 3360 ingen
855 3292 889 3344 tia
896 3291 972 3343 sutae
980 3291 1106 3356 vulnera,
1114 3293 1219 3346 utetian

153 3370 250 3419 rusculi
261 3370 402 3430 sanguim
423 3366 486 3417 alius
501 3371 616 3420 str'llauti.
628 3396 662 3408 -
709 3388 782 3421 mors
794 3370 918 3438 potuisset
935 3369 1034 3421 minori
1054 3371 1167 3423 vulnere
1179 3371 1222 3422 in·

154 3444 230 3514 Regii
241 3441 341 3496 codices
351 3447 447 3495 immae:
709 3447 788 3514 serti,
802 3469 833 3501 ex
844 3467 899 3500 uno
907 3449 1015 3501 illorum
1028 3453 1147 3520 potuisse
1156 3449 1222 3521 quai

187 3527 243 3578 533.
262 3527 398 3587 Procedit,
416 3535 486 3590 tres,
499 3534 655 3592 properant,
709 3529 796 3596 plures
808 3529 928 3581 homines
939 3531 1020 3582 morti
1034 3531 1102 3583 dari.

154 3615 183 3656 ut
193 3604 262 3673 apud
278 3602 433 3672 Virgilium,
447 3603 510 3655 AEn.
525 3605 563 3656 ll'
574 3645 581 3671 ,
594 3607 659 3672 541,
742 3608 798 3679 539.
811 3611 861 3665 et,
876 3608 990 3677 quippe,
1010 3610 1164 3679 siquidem
1178 3607 1221 3663 ul-

151 3687 256 3749 gradem
278 3686 361 3736 studio
381 3687 508 3735 celerabat
529 3689 603 3736 anili.
627 3714 661 3726 -
710 3686 790 3738 terius
804 3687 878 3738 enirn
890 3685 1004 3740 declarat
1018 3693 1220 3743 stobaeum.-

155 3763 241 3831 Vulgo
249 3773 277 3816 et
288 3767 315 3816 in
325 3763 457 3819 codicibus
468 3765 563 3816 nostris
572 3766 660 3830 Regiis
708 3767 822 3818 Deam!
831 3766 1057 3821 accommodatius
1069 3768 1167 3822 doloris
1177 3786 1220 3820 ra-

153 3834 247 3901 legitur
255 3847 396 3905 processln
414 3842 501 3894 nescio
518 3842 588 3894 unde
598 3863 661 3909 pro-
708 3841 774 3906 laici,
784 3862 863 3911 quam
872 3884 880 3908 ,
890 3845 987 3897 retinet
997 3856 1045 3898 aut
1052 3846 1140 3899 simile
1147 3842 1218 3915 quid,

154 3914 220 3962 cedit
232 3914 362 3985 Gierigius
373 3921 515 3988 exceperit:
530 3920 575 3973 sed
587 3940 660 3989 prae-
706 3925 834 3989 lacrymas
843 3930 966 3976 introrsus
972 3930 1087 3983 obortas.
1096 3944 1220 3997 expressa

154 3995 660 4057 senstempuscertebenesehabetEc'.
708 4000 837 4066 quidem,
857 4001 903 4054 sed
922 4022 978 4055 non
1001 4005 1180 4072 profluentes·
1189 4002 1221 4055 Et

154 4059 323 4118 -Aar'tr'non
332 4073 606 4135 putohietarditatem
615 4087 659 4129 aut
707 4077 757 4132 hoc
777 4079 808 4132 ad
827 4081 864 4135 rei
881 4083 1021 4135 ceritatem
1037 4085 1218 4143 observatum
