2760 4710
296 354 842 425 METAMORPHOSEON
866 357 965 425 LIB.
991 359 1062 424 tx.
1162 383 1221 429 ιιι

150 490 254 565 Dicta
268 488 362 562 Jovis
377 517 493 562 mover
503 489 613 562 elleos
630 519 638 561 ε
657 518 717 564 uec
736 490 878 565 sustinet
894 491 1000 580 ullos,

152 608 272 704 Quum
282 605 416 679 videant
428 605 535 679 sessos
550 606 849 696 Rhadamanthon,
864 626 898 682 et
911 611 1039 684 Αἰποιι
1053 607 1166 698 annis,

153 726 199 798 Et
214 724 348 812 Minoa,
368 723 486 824 queri:
502 723 581 824 qui,
601 723 680 797 dum
696 722 761 797 fuit
777 724 904 819 integer
921 727 998 815 aevi,
1174 747 1227 817 440

153 840 332 912 Terruerat
344 868 503 934 magnas,
520 839 595 941 ipso
614 867 749 940 quoque
767 837 924 928 nomine,
944 857 1067 934 gentes.

154 958 249 1031 Tunc
264 974 334 1029 erat
348 954 534 1044 invalidus,
554 955 810 1055 Deionidenque
825 954 967 1052 juvente

155 1072 294 1147 Robore
309 1072 489 1163 Miletum,
505 1072 703 1174 Phoeboque
719 1089 855 1173 parente
872 1071 1073 1173 superbum,

153 1189 352 1279 Pertimuit;
371 1191 576 1291 credensque
593 1190 664 1263 suis
682 1190 853 1284 insurgere
869 1189 1002 1284 regnis,

153 1306 251 1380 Haud
269 1325 381 1381 tamen
399 1325 451 1382 est
468 1308 586 1408 patriis
603 1335 712 1381 arcere
729 1307 908 1408 penatibus
925 1335 1037 1382 ausus.
1178 1325 1228 1396 445

152 1421 280 1523 Sponte
296 1424 405 1520 sugis,
422 1423 561 1513 Mitte,
580 1440 656 1512 tua,
676 1422 839 1524 celerique
856 1424 969 1499 carina

155 1538 284 1635 AEgaeas
301 1542 428 1615 metiris
445 1571 567 1643 aquas,
587 1560 621 1616 et
635 1542 670 1615 in
684 1540 787 1615 Aside
803 1558 891 1615 terra

156 1655 284 1730 Moenia
299 1657 495 1746 constituis,
514 1658 672 1759 positoris
688 1658 845 1733 babentia
862 1687 996 1733 nomen.

158 1767 222 1842 Hic
240 1769 326 1858 tibi,
343 1770 420 1845 dnm
436 1773 590 1872 sequitur
606 1772 720 1873 patria
736 1775 926 1849 curvamina
942 1775 1023 1876 ripae

158 1885 244 1960 Filia
260 1886 421 1960 Maeandri
436 1889 538 1961 toties
556 1889 725 1964 redeuntis
742 1890 877 1979 eodem,
1176 1912 1228 1981 450

160 2080 281 2144 Cortssd
291 2087 391 2143 Sallust
405 2089 465 2143 Cat
482 2090 537 2156 Ll,
550 2093 572 2143 5.
582 2090 668 2156 (Vide
717 2092 788 2146 riaut
803 2094 914 2146 Veteres
927 2112 934 2146 :
946 2092 1005 2145 vide
1020 2093 1180 2163 interpretes
1196 2091 1229 2144 ad

159 2167 669 2237 etiamqussadeumdemlocumdixerit
717 2168 744 2223 b.
754 2170 770 2223 Ι.
781 2180 808 2224 et
819 2170 983 2223 Muukerum
994 2169 1027 2222 ad
1041 2170 1169 2224 Lactantii
1178 2169 1231 2223 Ar-

158 2245 190 2301 (Ι.
207 2246 349 2301 Βιιιιιοιιῐ
365 2247 393 2300 iu
413 2258 504 2301 nostro
525 2247 667 2314 Sallustio,
718 2247 1231 2318 guszquuminadfectatireguisuspi·

157 2342 184 2393 p.
194 2323 225 2378 81
236 2321 266 2388 );
278 2341 393 2392 namque
408 2325 535 2394 sapientia
552 2325 669 2377 cernitur
717 2326 823 2379 cionem
831 2325 976 2390 incidisset,
985 2325 1107 2379 Minoem
1117 2337 1146 2380 ut
1155 2336 1230 2380 metu

156 2401 183 2467 in
191 2401 285 2455 ordine
293 2420 385 2456 rerum
394 2401 565 2472 agendarum.
577 2404 669 2470 ltaque
717 2402 859 2468 liberaret,
872 2421 932 2455 cum
945 2403 1078 2456 sanctione
1091 2423 1137 2456 sua
1147 2403 1230 2472 sugit,

155 2489 181 2533 ct
191 2478 218 2532 b.
229 2479 246 2532 l
259 2479 297 2533 sic
309 2480 402 2550 capio,
421 2498 476 2532 uon
493 2500 525 2533 eo
541 2480 668 2547 consilio,
718 2481 844 2549 venitque
857 2480 884 2532 iu
897 2498 971 2533 oram
986 2480 1171 2545 Anactoriam‚
1185 2479 1230 2531 ubi

155 2578 208 2614 non
221 2579 253 2613 ea
262 2561 413 2630 sapientia,
431 2580 481 2630 qua
498 2572 558 2614 aute
574 2582 671 2631 regna·
719 2560 845 2615 Miletum
858 2559 984 2614 condidit.
997 2559 1062 2612 Haec
1073 2559 1121 2628 ipsi
1134 2559 1232 2611 Milesii

155 2636 205 2691 bat.
216 2637 359 2692 Claudian.
370 2637 452 2692 Cous.
462 2640 542 2712 Olyb.
554 2644 600 2708 57,
612 2649 674 2709 quo!
718 2637 752 2694 de
768 2638 912 2709 originibus
926 2639 979 2692 suis
996 2636 1142 2691 tradebant.
1154 2637 1233 2690 Pau-

155 2721 181 2771 t'ae
191 2721 282 2772 ordsirc
293 2727 490 2786 {assurrexerit
507 2721 599 2789 ltaque
615 2740 671 2772 nou
718 2738 775 2772 san.
785 2718 888 2773 Acbaic.
897 2739 921 2788 p.
931 2722 987 2784 524.
998 2716 1100 2770 Confer
1110 2715 1231 2786 Apollod.

157 2815 221 2867 opus
237 2807 280 2851 est
294 2798 400 2852 lleinsii
412 2800 565 2868 conjectura
582 2805 671 2851 ornere.
720 2797 808 2864 ltt,1,
818 2819 840 2850 a.
847 2797 889 2850 De
898 2800 989 2850 Maleto
996 2795 1055 2849 vide
1063 2806 1090 2849 et
1098 2794 1234 2867 Verbeylr.

158 2878 252 2929 -Nec
266 2881 395 2937 sartorem·
411 2877 509 2947 Regius
524 2888 613 2930 noster
629 2878 669 2940 A,
720 2872 753 2926 ad
764 2876 865 2939 Auton.
878 2874 933 2927 Lib.
944 2893 1000 2943 cap.
1012 2874 1093 2926 su·
1105 2875 1230 2937 Crederrs‚·

157 2969 217 3005 curn
236 2951 365 3006 Cantabr.
384 2952 494 3007 Juuiau.
513 2965 539 3007 ct
558 2967 672 3023 quatuor
720 2951 822 3021 Tanaq.
843 2952 928 3005 Faber
945 2953 1068 3005 censebat
1090 2950 1233 3022 legendum

161 3028 213 3084 aliis
223 3069 232 3097 ,
242 3028 325 3084 babet
336 3050 382 3083 aec
393 3050 423 3083 se
433 3041 506 3086 tenet.
719 3040 848 3083 certas—
855 3029 931 3097 Regii
942 3030 1025 3082 nostri
1036 3033 1180 3083 παίω.-
1187 3031 1235 3082 Iu-

192 3112 250 3174 4⁴⁰·
260 3111 360 3178 Integer
369 3114 429 3171 erl,
448 3111 493 3178 qui
505 3120 543 3163 est
559 3110 671 3165 florente
719 3112 802 3176 sergi!
815 3112 914 3174 regeris,
936 3107 998 3175 qui,
1016 3108 1127 3161 factione
1147 3110 1234 3173 laeta,

163 3185 249 3241 adhuc
265 3198 347 3243 atate.
361 3189 431 3259 Opp.
448 3193 591 3254 inualidus,
608 3210 672 3244 con·
720 3206 834 3257 reguum
855 3188 955 3257 eripere
974 3199 1085 3242 conatur
1105 3188 1187 3242 alteri.
1200 3214 1234 3225 -

162 3264 246 3320 taetus
260 3267 339 3320 senio.
350 3296 384 3307 —
396 3269 456 3333 Ipso
472 3276 570 3321 nomeire
585 3280 675 3322 terrere
721 3268 977 3335 Patrri‘perratesalibi
986 3267 1018 3321 de
1026 3268 1106 3321 domo
1114 3278 1234 3338 paterna,

159 3352 267 3410 gentes,
285 3347 381 3398 summi
398 3357 425 3399 et
438 3348 525 3400 invicti
542 3348 674 3401 bellatoris
721 3366 794 3401 nune
805 3345 838 3399 de
847 3348 944 3416 patria,
958 3366 1048 3417 regno.
1056 3347 1152 3400 Arccre
1157 3360 1234 3412 perra·

160 3421 281 3486 notatim
297 3423 405 3492 Florus,
421 3426 478 3493 lll,
492 3443 526 3492 x,
543 3445 590 3489 ao;
604 3427 673 3480 lus·
721 3429 802 3487 lr'bus‚
815 3426 925 3494 ejicere,
940 3426 1068 3496 expellere
1077 3441 1168 3492 reguo.

159 3501 247 3569 tinus,
266 3502 323 3570 xl,
343 3521 389 3571 vr,
412 3511 457 3568 15;
472 3506 568 3573 XLII,
582 3525 615 3572 v,
637 3507 673 3560 13.
756 3506 1009 3573 llp-Metin'aquas,
1020 3518 1175 3572 percurrere
1184 3516 1237 3549 ma·

159 3578 213 3635 sed
230 3581 330 3636 Noster
351 3603 440 3637 rursus
459 3584 563 3637 videtur
581 3584 674 3638 Minoa
722 3601 750 3634 re
760 3582 835 3649 nari,
846 3582 967 3652 navigare
976 3597 1111 3650 permare.
1122 3577 1235 3630 Homer.

161 3656 317 3713 Secundum
331 3681 392 3714 eum
407 3663 493 3732 primo
510 3662 673 3731 confudisse,
722 3681 746 3713 v.
759 3679 780 3714 c.
794 3660 847 3714 Od.
859 3671 894 3727 Γ,
914 3680 976 3731 179,
992 3661 1085 3722 κίὶαγος
1097 3665 1235 3728 utapro--

161 3736 243 3808 (vide
262 3737 294 3792 ad
307 3742 395 3809 vtlt,
416 3754 501 3809 120),
521 3743 570 3796 nisi
590 3763 674 3796 unum
722 3738 820 3792 Moem’a
838 3757 893 3790 nou
905 3746 968 3790 sunt
985 3750 1103 3791 manem,
1122 3740 1152 3783 ut
1168 3732 1236 3785 Rod.

161 3817 371 3872 tantum-Minoa
381 3822 458 3874 luisse
469 3820 606 3874 credamus
614 3841 675 3875 cum
722 3817 815 3882 vertit,
824 3815 870 3869 sed
879 3815 950 3868 urbs.
959 3814 1155 3863 Poneremoem'a
1163 3810 1237 3880 phua·

162 3893 305 3951 Aristotele
317 3899 397 3951 Polit.
410 3900 454 3965 ΙΙ,
467 3920 483 3971 9
495 3910 521 3952 et
537 3903 677 3953 ro.—Mr‘-
722 3897 756 3950 sis
767 3896 843 3949 obvia
853 3934 860 3960 ‚
872 3891 917 3946 sed
930 3891 979 3943 boe
991 3889 1048 3942 loco
1056 3907 1124 3942 nove
1130 3897 1237 3958 positor,

159 3974 243 4037 letas,
265 3972 396 4045 Apollinis
409 3976 496 4041 lilius,
512 3977 676 4030 Deiom'dcsa
723 3973 856 4037 eonditor,
866 3982 895 4024 ut
904 3971 972 4024 Fast.
982 3969 1023 4035 ll,
1035 3968 1081 4037 63,
1093 3975 1237 4038 templorum

160 4051 266 4108 Deione
276 4067 362 4109 matre
372 4055 457 4110 dictus
466 4055 581 4116 videtur,
591 4074 677 4124 quau·
720 4051 930 4122 posuer-llo,
943 4067 1025 4119 prope
1037 4048 1178 4117 Miletum,
1194 4049 1240 4102 ubi

162 4132 323 4202 quameain
333 4152 362 4192 re
372 4131 678 4190 mirumiuruodumva·
725 4131 871 4187 unsaros
888 4126 948 4199 (de
967 4128 1043 4200 cujus
1057 4130 1242 4188 summatibus
