2760 4710
286 377 808 449 METAMORPHOSEON
829 383 929 452 LIB.
953 384 1037 454 XV.
1134 389 1196 458 531

130 524 295 597 immutat
311 518 454 610 formas,
472 518 654 621 tellusque,
671 536 704 594 et
722 518 885 622 quidquid
901 523 937 596 iu
954 521 1010 598 illa
1028 544 1086 601 est.
1130 551 1202 621 -455
1256 575 1263 587 ·

136 641 210 713 Nos
228 665 362 739 quoque
380 665 456 740 pars
473 637 611 726 mundi,
630 637 811 738 (quoniam
826 666 897 711 non
914 668 1054 742 corpora
1069 641 1200 737 solum,

136 757 263 829 Verum
280 755 378 830 etiam
395 752 545 829 volucres
558 753 677 828 auimae
694 782 828 842 sumus,
845 755 946 856 inque
962 757 1082 834 ferinas

139 874 323 947 Possumus
339 871 387 946 ire
402 871 535 959 domos,
552 869 782 972 pecudumque
801 872 835 945 in
853 890 989 973 pectora
1005 876 1149 972 condi;)
1183 903 1193 917 “

138 988 310 1089 Corpora,
330 1013 402 1086 quae
417 985 551 1086 possint
568 985 693 1060 animas
711 985 868 1059 habuisse
883 1005 1075 1088 parentum,

141 1107 210 1178 Aut
228 1103 386 1192 fratrum,
404 1121 462 1176 aut
475 1100 589 1204 aliquo
603 1101 792 1201 junctorum
807 1103 930 1178 loedere
945 1107 1067 1197 nobis,
1154 1130 1204 1199 tuo

141 1225 212 1296 A'ut
228 1219 403 1293 hominum
419 1236 525 1308 certe,
546 1236 616 1292 tuta
631 1246 702 1293 esse
717 1238 751 1293 et
769 1220 909 1295 honesta
927 1222 1095 1300 sinamus:

140 1339 229 1411 Neve
246 1335 421 1436 Thyesteis
433 1333 639 1409 cumulemur
653 1335 777 1408 viscera
794 1337 935 1424 mensis,

139 1454 254 1550 Quam
269 1450 352 1528 male
369 1451 574 1539 consuescit;
595 1480 692 1552 quam
709 1480 744 1526 se
762 1471 858 1553 parat
870 1451 927 1528 ille
941 1456 1051 1530 cruori

142 1569 270 1669 Impius
286 1567 452 1654 humano,
470 1566 565 1642 vituli
581 1567 639 1670 qui
655 1585 791 1664 guttura
806 1567 913 1642 cultro

144 1682 305 1784 Rumpit,
324 1700 359 1756 et
373 1680 526 1756 immotas
544 1681 670 1782 prabet
686 1681 870 1777 mugitibus
886 1686 998 1760 aures!
1157 1709 1207 1777 46⁵

145 1798 217 1872 Aut
233 1797 291 1898 qui
308 1797 438 1893 vagitus
452 1793 575 1871 similes
590 1793 776 1897 puerilibus
794 1795 930 1873 hedum

146 1915 310 1991 Edentem
323 1911 473 2014 jugulare
492 1931 628 2014 potest:
642 1931 705 1988 aut
718 1912 795 1989 alite
812 1916 919 2004 vesci,

144 2032 212 2105 Cui
228 2029 320 2104 dedit
334 2031 406 2132 ipse
422 2029 536 2104 cibos!
555 2047 716 2131 quantum
733 2047 804 2122 est,
821 2031 914 2131 quod
929 2031 1016 2107 desit
1033 2031 1068 2108 in
1085 2034 1158 2110 istis

147 2148 353 2251 adplenum
370 2148 518 2221 larium!
535 2175 603 2248 quo
621 2146 780 2221 transitus
795 2146 873 2221 inde
889 2150 1044 2248 paratur!

146 2270 217 2343 Bos
234 2286 320 2355 aret,
337 2284 395 2341 aut
411 2283 551 2340 mortem
569 2264 760 2339 senioribus
776 2264 920 2365 imputet
934 2267 1029 2341 aunis
1043 2298 1068 2343 :¹
1163 2292 1215 2362 47⁰

147 2386 359 2461 Remiserunt
378 2400 494 2458 contra
508 2385 638 2457 Borean
655 2382 726 2457 ovis
745 2410 832 2456 arma
850 2383 1038 2459 ministret:

146 2506 259 2580 Ubera
278 2504 359 2579 dent
375 2519 494 2576 saturae
510 2501 665 2575 manibus
682 2500 862 2601 pressanda
878 2500 1019 2602 capellae.

147 2622 247 2697 Retia
264 2649 340 2694 curn
356 2618 502 2722 pedicis,
518 2616 721 2719 laqueosque
737 2633 889 2718 artesque
905 2617 1037 2693 dolosas

144 2736 273 2810 Tollite
288 2769 295 2809 :
309 2764 371 2811 nec
387 2735 554 2810 volucrem
570 2734 693 2807 viscata
710 2731 813 2812 fallite
829 2733 943 2829 virga:

149 2855 219 2926 Nec
232 2852 417 2926 formidatis
432 2880 547 2957 ceruos
563 2849 722 2924 includite
735 2848 872 2952 pinnis:
904 2902 909 2912 -
1167 2872 1218 2944 475

153 3045 661 3116 541,ceremoniamrendenrmset
708 3054 796 3111 trum,
814 3055 955 3114 parentum
967 3055 1129 3102 nostrorum.
1141 3049 1220 3104 lovi-

154 3149 168 3173 »
180 3145 229 3179 nor
241 3124 399 3177 immensum
407 3123 493 3194 spatiis
501 3123 661 3179 confecimus
708 3122 781 3178 diosc
793 3123 873 3178 etiam
884 3127 1041 3181 causabam.

152 3227 168 3254 r·
181 3220 283 3273 sequor:
294 3202 328 3254 Et
338 3202 390 3269 jam
400 3211 503 3271 ternpus
512 3221 610 3271 equum
618 3201 663 3254 lu·
743 3203 800 3271 463,
811 3206 892 3270 Quam
903 3214 1017 3271 separat
1026 3215 1074 3259 ete
1084 3223 1164 3274 quarn
1174 3225 1223 3275 pa-

155 3305 169 3329 »
182 3280 281 3334 mantia
287 3277 387 3332 solvere
394 3275 467 3332 oolla.
476 3281 661 3342 u-Volucm,
709 3301 771 3335 rum
782 3281 855 3335 abest
866 3280 908 3337 ille
921 3281 953 3335 ab
968 3281 1117 3336 homicidio.
1133 3281 1223 3337 Verba

151 3379 213 3430 que
228 3366 366 3413 transeunt
382 3375 414 3410 er
432 3354 485 3408 alio
504 3374 615 3424 corpore
633 3355 663 3410 in
709 3360 846 3429 sequentia
869 3360 946 3429 plena
968 3369 1031 3413 sunt
1054 3358 1174 3413 allectus.
1189 3387 1223 3400 ·-

152 3437 232 3493 aliud.
710 3439 797 3496 Alite.
811 3437 925 3507 gallinis,
935 3435 1053 3490 auctibus
1062 3474 1069 3500 ,
1078 3434 1221 3496 anseribus.

185 3516 243 3584 45¹·
261 3515 393 3567 Tutaesse
404 3513 554 3566 etboresta·
570 3506 664 3567 Heiu-
710 3511 1223 3583 -Pkrmlacnrusmomicidiumdam

151 3596 206 3650 sius
217 3592 395 3647 molebatur:
405 3601 480 3660 atque
490 3591 613 3652 fuderat
623 3586 665 3643 vel
712 3593 825 3649 Lensius
836 3591 988 3662 interpungi
1000 3592 1088 3646 mallet
1097 3592 1222 3660 :sacroue

151 3684 209 3728 tuta
221 3691 278 3725 esse
292 3680 318 3723 et
332 3675 404 3723 incra
419 3688 427 3723 :
447 3668 493 3723 sed
507 3671 613 3721 hausta
625 3676 665 3720 est
711 3692 759 3741 pao
772 3675 782 3738 (
790 3671 878 3726 dativo
890 3689 966 3738 casu,
978 3670 1012 3723 ad
1026 3668 1117 3741 quod)
1128 3678 1224 3727 lmese&

155 3752 256 3806 honore
265 3748 399 3816 ornanda,
409 3746 588 3814 honorata,ut
596 3745 664 3814 apud
711 3759 761 3803 rus.
773 3749 835 3803 Non
843 3749 920 3802 bene.

157 3831 332 3897 Ciceronem,
343 3829 386 3895 ll,
396 3829 478 3899 Epist.
489 3833 533 3892 15,
543 3829 665 3881 Ceramus
745 3828 803 3893 ⁴7¹·
815 3827 912 3886 Arma,
929 3822 1018 3891 lanas,
1035 3843 1093 3894 quae
1105 3823 1223 3895 prebeat

154 3915 284 3966 honestum
295 3929 352 3963 esse
362 3914 431 3971 uolo,
452 3919 479 3962 et
490 3907 548 3962 alibi
564 3907 665 3977 passim.
713 3903 869 3957 vestimenta
877 3912 1062 3972 ettegumenta
1070 3904 1223 3958 contrarius

85 3987 90 4012 ¹
156 3987 382 4042 Eud-Graviter
394 3998 422 4041 et
435 3984 578 4040 admodum
592 3984 667 4037 invi·
712 3982 1066 4053 Boreae;eonlervers.1r7.

156 4065 229 4120 diose
240 4068 476 4138 Thyesteemense,
487 4079 667 4131 cames,quas
746 4063 803 4130 475.
822 4061 946 4114 Fomr'olo.
968 4062 1125 4133 Intelligitur
1143 4062 1224 4116 luni-

156 4142 441 4204 inlrabitaruotauimoe
448 4141 590 4200 liberorum
598 4179 607 4209 ,
616 4139 667 4194 lra-
714 4139 787 4195 culus
801 4149 956 4219 renatorrun
971 4141 1066 4210 pennis
1081 4141 1122 4195 vel
1135 4144 1223 4209 probis
