2760 4710
195 322 237 406 42
381 292 384 297 ’
475 330 976 406 novrnrrsssoms
1048 322 1052 329 ’

194 464 282 537 Ante
297 463 493 564 sepulcrales
509 468 624 544 infelix
639 471 767 546 adstitit
782 504 872 549 aras:
1201 500 1252 568 480

197 612 216 644 «
235 579 474 683 Poenarumque
491 586 569 660 Dee
585 587 748 688 triplices,
766 591 958 680 brrialibus,
976 590 1104 693 inquit,
1170 656 1180 673 e

199 727 216 757 u
235 695 448 784 Eumenides,
466 703 563 776 sacris
580 702 690 779 vultus
707 706 860 782 advertite
876 728 1010 783 vestros.

201 843 216 872 u
239 808 404 902 Ulciscor,
425 813 573 917 facioque
587 816 677 896 nefas
691 850 699 894 :
713 850 802 896 mors
816 841 921 896 morte
936 823 1054 924 pianda
1069 842 1137 898 est:

199 958 216 989 n
236 927 276 997 In
292 928 395 1003 scelus
411 932 594 1009 addendum
613 936 717 1012 scelus
734 955 800 1023 est,
819 939 854 1010 in
870 939 983 1012 funera
998 939 1117 1015 funus:

200 1075 217 1105 »
238 1042 301 1115 Per
315 1068 517 1125 coacervatos
533 1071 643 1153 pereat
659 1053 775 1126 domus
792 1053 891 1153 impia
907 1052 1024 1128 luctus.
1202 1075 1252 1143 4⁸5

201 1191 217 1222 »
239 1161 290 1233 Au
307 1162 382 1238 felix
401 1165 539 1241 OEneus
554 1187 633 1242 nato
650 1169 770 1241 victore
787 1168 938 1241 liueturl

200 1308 216 1336 o
236 1276 391 1356 Thestius
409 1282 510 1356 orbus
527 1283 613 1356 erit?
630 1281 745 1357 melius
760 1281 914 1376 lugebitis
929 1282 1036 1355 ambo.

200 1423 216 1450 u
238 1393 308 1467 Vos
325 1397 424 1471 modo
438 1399 572 1473 fraterni
586 1426 714 1485 manes,
731 1400 910 1501 aninraeque
924 1417 1084 1485 recentes,

102 1508 104 1513 ’
199 1537 216 1569 »
237 1507 391 1585 Officium
409 1515 523 1588 sentite
539 1543 664 1602 meum;
683 1543 866 1616 magnoque
881 1535 1011 1618 paratas

200 1654 216 1686 u
236 1623 382 1724 Accipite
397 1627 544 1715 iuferius,
560 1630 644 1703 uteri
662 1629 745 1704 mala
761 1632 900 1734 pignora
913 1631 1028 1705 nostri.
1203 1648 1253 1716 49⁰

202 1769 218 1798 »
238 1738 300 1808 Hei
315 1740 415 1811 mihi!
435 1771 502 1841 quo
518 1746 656 1845 rapior?
671 1744 787 1820 fratres
804 1747 961 1839 ignoscite
978 1744 1082 1817 matri.

201 1882 218 1914 »
238 1853 401 1927 Deficiunt
414 1855 455 1927 ad
471 1876 577 1957 coepta
593 1886 708 1934 manus
724 1889 732 1932 ε
750 1865 906 1936 meruisse
920 1864 1059 1934 fatemur

201 1998 218 2028 »
237 1962 352 2054 Illum,
370 1996 427 2040 cur
441 1991 571 2072 pereat:
586 1975 702 2048 mortis
713 1976 795 2048 mibi
811 1972 959 2075 displicet
973 1990 1096 2047 auctor.

202 2113 218 2143 »
237 2083 328 2176 Ergo
346 2083 477 2186 impune
493 2088 591 2177 fcret;
609 2090 783 2191 vivusque,
802 2107 834 2162 et
847 2089 967 2175 victor,
988 2106 1020 2161 et
1036 2089 1109 2190 ipso

202 2232 218 2260 »
237 2198 396 2277 Successu
411 2206 554 2281 tumidus
570 2235 706 2301 regnum
722 2203 897 2306 Calydonis
912 2203 1069 2278 habebit?
1205 2223 1254 2294 49⁵

202 2349 218 2379 »
239 2318 309 2391 Vos
327 2320 406 2395 ciuis
424 2325 558 2420 exiguus
577 2323 754 2425 gelideque
767 2322 914 2421 jacebitis
928 2321 1075 2396 umbre?

230 2519 285 2582 480.
297 2517 366 2570 Aule
375 2521 525 2583 sepulcrales
534 2527 582 2570 etc
594 2516 703 2570 inferias
751 2514 882 2569 elebantur
892 2514 1005 2578 inferiis,
1016 2515 1255 2583 iisergocornmen-

198 2593 269 2661 quasi
278 2604 350 2663 parat
363 2594 491 2646 fratribus.
503 2593 573 2644 Eum
584 2592 703 2646 inlinens
751 2591 795 2644 dat
801 2592 911 2661 officium
917 2613 1011 2658 suunt,
1021 2592 1090 2661 quod
1101 2592 1256 2647 vocabulum

197 2671 257 2724 alias
268 2693 319 2726 ara·
329 2672 446 2725 solebant
453 2669 521 2735 strui
529 2670 558 2722 in
565 2673 698 2737 sepulcris,
751 2683 790 2725 est
799 2672 916 2726 solemne
928 2673 959 2726 de
967 2673 1114 2726 inferiis-
1121 2675 1256 2739 necesses,-

197 2748 224 2799 in
237 2749 318 2817 iisque
330 2767 401 2801 sacra
414 2747 485 2812 fieri,
500 2746 623 2800 Manibus
634 2747 703 2819 exei7
751 2751 812 2803 novi
828 2750 894 2805 Orci
908 2751 999 2804 incolse
1011 2790 1018 2816 ,
1031 2770 1121 2804 recens
1134 2749 1238 2805 admissi
1251 2771 1259 2801 e

197 2825 255 2880 tatis
262 2826 302 2878 vel
313 2824 502 2893 liquoribusvel
510 2824 628 2878 victimis.
638 2823 703 2877 Gre·
750 2829 786 2882 sic
799 2831 849 2895 lV,
863 2831 925 2896 434,
939 2833 1029 2882 embra
1039 2838 1153 2881 recenles.
1164 2827 1213 2879 Ed.
1223 2855 1255 2868 -

197 2901 703 2972 viterigiturbsecliguaseprslcralesams
751 2903 1254 2975 Senlr'le,intelligite,agnoscite.-Ma·

107 3030 111 3039 .
197 2990 287 3046 vocat,
301 2981 328 3033 in
341 2980 434 3051 quibus
443 2981 526 3035 filiurn
535 2983 607 3051 qussi
619 2981 703 3036 adole-
746 3004 799 3051 gno
810 2995 932 3050 perolas,
948 2981 1036 3050 magni
1053 2979 1145 3048 pretii,
1159 2996 1254 3047 nempe

197 3058 235 3112 bit
250 3059 278 3111 in
294 3058 425 3113 honorem
440 3071 467 3114 et
479 3061 569 3114 solatia
583 3062 702 3114 fratrum.
745 3065 931 3131 psymanlcrl,
945 3060 1043 3122 filium,
1055 3074 1150 3126 quem,
1161 3057 1255 3125 pignus

198 3137 290 3205 Neque
304 3137 398 3192 Manes
413 3138 599 3192 defunctorum
615 3140 703 3195 statim
750 3140 862 3204 amoris,
874 3140 902 3191 in
914 3138 968 3205 ipso
981 3146 1058 3187 utero
1069 3151 1129 3186 meo
1146 3136 1256 3203 portavi.

196 3216 316 3282 invocat,
329 3216 373 3271 sed
386 3217 451 3286 ipsas
460 3220 551 3271 Furias
563 3218 591 3271 in
604 3237 632 3271 re
644 3217 703 3271 bor
782 3219 838 3286 49¹·
852 3217 906 3266 Hel
913 3214 994 3265 raes'ls'l
1012 3232 1059 3280 quo
1073 3217 1179 3280 rapior?
1193 3215 1255 3268 Non

197 3292 296 3361 rende,
310 3314 390 3363 quem
400 3295 486 3349 Furio
497 3296 522 3349 ei
533 3296 651 3363 injecisse
664 3296 704 3348 vi·
750 3310 890 3365 menseem
899 3291 1036 3345 revocabat
1044 3310 1059 3343 a
1067 3308 1137 3344 noro
1145 3303 1254 3351 conatu,

196 3371 702 3442 debentur.flecteigiturluriallasacra.
749 3369 795 3424 sed
809 3380 880 3424 tanta
892 3379 932 3423 est
946 3369 984 3423 vis
1000 3370 1114 3423 materni
1133 3369 1255 3423 affectus!

196 3480 229 3493 ·-
241 3452 357 3521 impium
371 3451 488 3504 furorem
502 3453 568 3505 bene
583 3449 703 3520 exprimit
749 3467 839 3502 manus
850 3450 1005 3516 defics'eaeles,
1024 3457 1168 3501 trementes
1179 3456 1256 3514 atque

196 3529 281 3584 verbis
292 3531 410 3582 Ulciscor
408 3567 446 3581 .....
447 3528 702 3595 fiscamnensem
750 3526 792 3579 vix
800 3526 915 3595 stipitem
928 3527 1042 3580 retinere
1053 3526 1173 3579 valentes.
1185 3524 1257 3576 Hinc

196 3607 355 3663 immoratur
367 3606 406 3660 rei
421 3607 506 3660 verbis
516 3603 660 3660 cumulatis.
671 3629 704 3644 ·-
749 3604 893 3658 voxinvitae
902 3604 1066 3675 exprimitur,
1075 3603 1198 3656 lleluu'll:
1208 3611 1258 3654 etc.

196 3683 703 3753 Morsmorsepeeadaesncaedessrauum
750 3685 825 3750 estius
846 3683 951 3736 veniant
975 3684 1063 3738 statim
1085 3690 1259 3750 precatur.-

197 3773 282 3815 morte
293 3763 339 3816 filii
351 3760 487 3832 purganda
498 3771 546 3813 est.
556 3759 606 3811 El.
751 3763 855 3823 Auctor,
870 3773 954 3815 mater
963 3762 1025 3831 ipsa.
1035 3759 1138 3828 Dignus
1149 3768 1202 3818 est,
1216 3758 1258 3811 cui

226 3841 547 3908 486.Ansels'aOEueusetc.
557 3833 704 3891 insidiabic
751 3857 822 3893 mors
833 3840 976 3905 inferatur,
988 3853 1080 3890 verum
1093 3855 1148 3890 non
1160 3836 1192 3890 eb
1203 3835 1258 3904 ipsa

199 3925 225 3968 et
236 3936 299 3970 vers.
310 3922 357 3989 494
366 3942 385 3974 s.
393 3920 512 3974 stimulos
522 3914 704 3971 addis-Me·
751 3929 843 3971 matre.

195 3996 369 4062 llusluffelllrs
378 4002 465 4057 ambo,
479 3993 635 4050 detestabilis
644 4012 704 4048 sen·
784 3997 841 4069 496.
856 3999 927 4050 Cebes
940 3999 1062 4063 exigam
1076 3985 1149 4059 ὀλίγη
1166 3996 1190 4043 ll
1202 4013 1256 4042 κιι-

198 4070 412 4128 tentia.-Manes
420 4076 509 4130 adesse
518 4075 705 4131 exinscriscre·
751 4078 932 4142 simulandis,
942 4073 1077 4138 Horatius,
1084 4069 1134 4134 lV,
1142 4065 1194 4122 Od·
1204 4081 1255 4119 vu.
