2760 4710
159 316 223 383 288
439 313 479 377 P.
508 308 685 382 OVIDII
708 312 937 385 NASONIS

160 486 177 515 n
198 446 358 523 Herculea
374 448 537 524 Trachine
553 450 648 549 jube,
668 451 731 524 suh
746 451 888 548 imagine
904 454 993 551 regis

158 598 175 629 »
197 561 389 663 Halcyonen
404 564 540 655 adeant,
559 564 798 667 simulacraque
815 568 975 665 naufraga
989 568 1128 665 lingant.

157 713 174 744 »
194 680 338 778 Imperat
353 676 418 750 hoc
435 680 457 752 J
461 708 540 752 uno.
560 692 579 745 'a
598 681 782 782 Postquam
801 682 955 758 mandata
971 685 1104 785 peregit

153 793 236 881 Iris,
255 792 343 880 abit;
359 822 465 895 neque
484 794 570 868 enim
586 794 725 869 ulterius
746 795 886 872 tolerare
904 799 1037 901 vaporis
1165 820 1208 878 tt·
1257 894 1264 909 ο

155 909 231 982 Vim
249 926 396 1009 poterat3
415 909 549 1012 labique
564 928 603 985 ut
619 912 781 985 Somnum
799 912 904 987 Sensit
920 915 955 987 in
972 934 1084 1007 artus,

153 1023 301 1120 Effugit,
319 1043 352 1098 et
369 1042 493 1100 remeat
508 1054 568 1126 per
586 1055 670 1127 quos
687 1028 789 1101 modo
809 1048 941 1104 venerat
959 1058 1065 1105 arcus.

201 1141 249 1212 At
265 1158 358 1240 pater
375 1169 392 1215 e
409 1141 537 1241 populo
555 1160 709 1217 natorum
725 1142 816 1217 mille
833 1173 971 1219 suorum

152 1256 286 1330 Excitat
301 1256 479 1344 artificem,
497 1257 788 1360 simulatoremque
805 1259 938 1354 figurae,

152 1372 316 1472 Morphea
333 1402 340 1444 :
357 1400 427 1444 non
443 1371 503 1445 illo
519 1375 630 1470 jussos
648 1372 803 1447 solertius
819 1373 902 1449 alter
1135 1428 1139 1435 -
1159 1394 1198 1448 ot

151 1488 318 1588 Exprimit
336 1489 499 1576 incessus,
518 1486 712 1587 vultumque
726 1517 912 1589 sonumque
929 1487 1109 1589 loquendi3

152 1603 278 1703 Adjicit
296 1621 330 1677 et
344 1622 470 1690 vestes,
491 1621 523 1675 et
540 1605 793 1678 consuetissima
810 1605 928 1706 cuique

152 1710 279 1808 Verba3
299 1720 356 1794 sed
373 1720 428 1793 hie
445 1718 535 1793 solos
552 1720 706 1793 homines
723 1719 871 1795 imitatur
889 1751 896 1793 :
916 1738 950 1794 at
966 1720 1051 1796 alter

151 1836 207 1908 Fit
220 1834 307 1921 fera,
323 1833 363 1906 lit
378 1833 543 1923 volucris,
561 1833 600 1907 fit
615 1835 719 1930 longo
736 1863 875 1936 corpore
891 1863 1037 1937 serpens.

152 1950 251 2020 Hune
266 1946 377 2021 lcelon
393 1948 534 2048 Superi,
555 1949 693 2022 mortale
710 1949 905 2024 Phobetora
919 1948 1041 2046 vulgus
1160 1970 1198 2037 σία

154 2063 336 2137 Nominat:
354 2081 404 2137 est
420 2063 516 2137 etiam
535 2065 668 2141 diversae
685 2065 801 2139 tertius
819 2066 899 2141 artis

189 2271 246 2340 527.
269 2272 395 2322 Herculea
422 2269 552 2320 Trachine.
572 2268 661 2338 Vulgo
708 2269 826 2325 classicus
834 2271 866 2325 de
876 2271 1203 2339 somniisuoputuuto-

153 2351 302 2401 Herculeam
321 2349 455 2400 Teucheira.
473 2346 569 2398 Monet
584 2345 660 2398 Bur·
709 2368 774 2408 rum,
793 2359 822 2401 ut
831 2351 887 2415 v1,
902 2352 962 2423 198,
973 2349 1007 2403 de
1018 2348 1203 2419 quatuordeeim

153 2446 266 2479 mannus
289 2424 408 2478 acridisse
429 2423 498 2476 hanc
518 2442 574 2475 rem
598 2433 659 2476 ante
709 2425 807 2479 Niobes
818 2425 919 2490 liberis;
932 2426 1206 2497 Virgilius,Georss.1‚

154 2504 275 2558 Herculis
283 2503 400 2567 obitum,
411 2519 486 2568 aquo
495 2500 610 2553 Trachin
618 2499 660 2553 de·
710 2503 778 2570 382,
796 2509 919 2556 exercitus
936 2522 1082 2569 corvorum·
1096 2504 1206 2565 Plinius,

152 2604 228 2636 nrum
234 2580 478 2636 Herculeadirtasit.
486 2580 576 2648 ltaque
585 2580 661 2633 lieen-
710 2601 770 2650 pan.
782 2581 813 2633 23
822 2621 829 2647 ,
837 2584 945 2648 populus
957 2586 1151 2645 occursantem
1167 2581 1209 2633 in-

153 2663 187 2716 tia
199 2672 336 2731 poetarum
349 2677 403 2710 esse
422 2657 548 2710 Nostrum
565 2677 659 2724 usum,
709 2659 749 2711 sra
759 2659 828 2724 ΧΗ,
841 2661 903 2730 499,
912 2663 1023 2727 populus
1032 2660 1209 2728 superauerat

151 2742 195 2809 qui
208 2739 322 2809 epitheta
334 2737 414 2789 etiam
427 2737 591 2804 imponunto
599 2758 662 2807 per·
710 2759 766 2790 reno.
775 2737 839 2790 -E
855 2738 929 2807 plebe
942 2740 1085 2794 innumera
1095 2739 1210 2794 somnin-

151 2819 221 2870 sonis
237 2816 275 2870 vel
289 2815 367 2868 rebus
379 2813 528 2883 posterioris
539 2815 593 2866 tevi.
709 2834 771 2867 rum
779 2826 869 2868 evocat
879 2816 1028 2886 Morphea,
1042 2819 1089 2887 qui
1099 2816 1209 2889 primipi-

183 2896 240 2947 630.
265 2896 372 2959 Vapore's
391 2899 449 2946 vein.
463 2892 549 2962 Vulgo
566 2894 579 2962 (
592 2894 660 2947 etin
711 2893 764 2960 lus,
775 2894 894 2947 tribunus
903 2933 910 2959 ,
919 2915 967 2948 ceu
977 2895 1030 2949 dux
1037 2898 1209 2962 somnium,

153 2970 241 3038 Regiis
253 2971 365 3040 nostris)
376 2976 472 3038 soporis
479 2978 537 3024 vim.
548 2971 660 3025 Floren-
711 2990 768 3039 quae
779 2972 923 3024 humanam
935 2972 1050 3027 sormam
1060 2992 1209 3045 pem-

151 3048 222 3100 tinus
234 3049 261 3100 S.
275 3049 361 3102 Marci
372 3060 399 3103 et
410 3051 540 3119 Spirensis
548 3070 662 3118 vaporem
709 3069 759 3118 que
767 3051 892 3103 sustinere
899 3054 1209 3120 persuasu-uscue.

153 3134 193 3189 vi,
208 3127 278 3203 unde
289 3128 413 3183 Heinsius
424 3131 529 3198 conjicit
543 3149 661 3195 vaporem
709 3128 808 3194 jacebat
816 3129 901 3193 enim,
910 3129 1210 3200 versfirA—Artffitfl

152 3211 216 3269 uim,
227 3216 256 3258 ut
265 3224 373 3273 vaporus
379 3211 456 3259 ardor
464 3206 531 3275 apud
539 3205 662 3260 Pruden·
710 3205 737 3256 in
754 3205 906 3259 simulandis
922 3205 1019 3275 figuris
1031 3235 1065 3247 —
1079 3208 1104 3260 Λ
1119 3207 1209 3277 figura.

152 3286 233 3340 tium:
243 3285 341 3355 recepit
352 3296 440 3337 tamen
454 3305 484 3337 er
495 3304 551 3337 uno
562 3290 661 3352 uapon's
709 3297 798 3359 μορφῇ,
811 3282 894 3336 dictus
902 3285 1045 3350 Morpheus.
1054 3286 1210 3338 -Sotemts

153 3372 210 3418 urm.
221 3368 337 3432 Vama,
346 3364 427 3433 qualis
433 3364 499 3417 solet
506 3383 560 3417 esse
568 3363 595 3415 in
603 3362 662 3415 dor·
711 3359 803 3413 Codex
811 3361 907 3431 Regius
914 3361 1072 3425 Bsolerteor‚·
1083 3381 1137 3415 non
1145 3358 1210 3414 male

152 3443 282 3507 mitoriis,
301 3441 396 3495 Somni
413 3442 440 3492 in
454 3442 551 3510 primis.
564 3440 662 3494 Statius
708 3441 936 3507 Ed.-Expn'm't.
947 3440 1074 3495 lleinsius
1085 3442 1158 3494 malit
1164 3456 1209 3492 es-

153 3522 237 3576 Theb.
252 3521 294 3586 X,
315 3521 379 3585 108,
395 3519 423 3571 iu
436 3518 530 3572 Somni
543 3518 662 3589 descrip-
704 3523 806 3584 premat.
816 3517 897 3570 Abest
909 3528 998 3570 autem
1011 3520 1158 3572 auctoritas.
1167 3516 1210 3571 ΕΙ·

152 3602 240 3667 tione,
257 3619 356 3667 corpore
363 3603 437 3666 prere
453 3599 538 3650 Strata
554 3602 639 3650 calent
650 3638 657 3660 ‚
709 3623 742 3634 —
750 3594 815 3647 Mox
827 3595 960 3648 Palatinus
968 3596 1101 3651 secundus
1113 3606 1140 3649 et
1151 3610 1211 3647 unus

153 3665 664 3747 supraquetorumnekerefflatanheloOre
711 3672 813 3725 Heinsii
831 3675 976 3740 modumque
992 3676 1129 3742 loquendi,
1148 3664 1210 3740 quod

152 3778 238 3824 uapor.
250 3784 283 3796 -
292 3759 374 3808 Senti!
383 3771 522 3813 somnum,
537 3764 566 3805 ut
575 3751 660 3820 thl,
710 3751 846 3820 impugnat
858 3752 1036 3804 Burmannus.
1046 3779 1082 3792 -
1090 3749 1164 3819 Regii
1173 3764 1210 3802 co·

155 3835 221 3900 dra,
235 3833 357 3904 Nympha
371 3831 661 3898 samem-Pereunt...
710 3826 779 3880 dices
788 3846 922 3896 sonumque
933 3831 1066 3896 loqueudt'5
1080 3828 1154 3882 bene.

147 3909 235 3959 arcus.
241 3910 388 3963 Duodecim
392 3927 441 3976 per
447 3926 539 3975 quas...
545 3926 662 3960 aeras.—
742 3903 798 3971 640.
810 3906 908 3958 Icelon.
917 3908 1107 3959 ...paoem
1118 3902 1210 3958 Admo-

155 3979 231 4049 Regii
243 3986 344 4040 codices
350 4007 398 4053 per
406 4005 467 4055 quos
476 4005 558 4039 arcus.
710 3983 775 4036 dum
783 3985 884 4038 variant
894 3984 966 4038 MSS
975 3985 1003 4037 in
1011 3985 1053 4039 his
1061 3982 1208 4038 nominibus

188 4058 243 4109 633.
255 4063 294 4113 A!
304 4074 379 4128 pater
388 4085 403 4118 e
409 4069 503 4133 populo
516 4076 564 4120 etc.
578 4063 662 4118 Locus
709 4062 840 4132 -Regius
849 4061 960 4117 code'rA
972 4064 1078 4130 ltacou,
1088 4059 1209 4116 ethk·
