2760 4710
153 286 219 374 sto
429 285 470 352 r.
497 283 675 353 ovrnn
700 236 938 351 rasoris

152 431 324 506 Murmura
340 424 465 527 pinetis
477 424 585 513 fiunt;
601 441 661 498 aut
675 421 786 524 qualia
802 423 929 496 duetus

152 542 313 643 AEquorei
329 541 475 629 faciunt,
493 541 522 615 si
540 541 615 640 quis
632 539 751 641 procul
766 539 879 613 audiat
896 536 981 612 illos
995 565 1006 623 ;
1188 559 1229 611 tot

152 660 232 735 Tale
250 678 347 736 sonat
361 658 509 763 populns
524 689 533 734 ε
550 657 607 732 sed
623 685 682 758 per
699 658 836 731 confusa
852 654 1041 730 frementis

152 775 264 850 Verba
283 793 390 848 tamen
410 770 501 868 vulgi
517 800 581 845 vox
598 772 719 846 eminet
735 800 819 860 una,
844 805 861 836 «
884 771 980 868 Quis
998 767 1090 846 ille?
1104 803 1125 835 a

153 895 200 967 Et
216 909 367 994 spectant
382 891 529 977 frontes,
547 888 769 989 praedictaque
784 917 913 961 cornua
932 904 1111 987 quaerunt.

152 1011 285 1082 Rursus
298 1007 340 1081 ad
352 1006 416 1080 bos
428 1004 551 1105 Cipus;
571 1038 589 1068 «
606 1005 715 1103 Quem
726 1003 883 1105 poscitis,
904 1002 1044 1103 inquit,
1058 1001 1232 1090 habetis,-

152 1127 217 1210 Et,
236 1122 344 1197 demta
361 1121 482 1222 capiti,
497 1119 627 1221 populo
642 1119 864 1221 probibente,
881 1136 1037 1210 corona,
1189 1143 1235 1195 oro

152 1239 317 1314 Exhibuit
333 1237 464 1334 gemino
477 1237 653 1337 praesignia
670 1253 819 1337 tempora
835 1263 955 1309 cornu.

151 1353 322 1428 Demisere
339 1350 455 1426 oculos
473 1379 605 1439 omnes,
624 1350 848 1451 gemitumque
865 1347 1017 1438 dedere,

152 1470 266 1570 Atque
283 1466 367 1542 illud
383 1467 508 1543 meritis
524 1465 646 1541 clarum
666 1465 768 1567 (quis
785 1465 917 1541 eredere
937 1466 1111 1568 possit?)

155 1584 257 1657 Inviti
275 1583 386 1657 videre
403 1601 502 1685 eaput
517 1613 525 1656 :
539 1610 599 1656 neo
615 1581 743 1657 honore
757 1610 864 1657 carere

157 1698 307 1773 Ulterius
325 1700 434 1802 passi,
453 1699 569 1773 sestam
587 1699 771 1800 imposuere
789 1727 962 1774 eoronam.

155 1819 205 1891 At
218 1845 391 1918 proceres,
410 1815 568 1916 quoniam
586 1844 699 1890 muros
716 1816 837 1890 intrare
854 1815 1007 1905 vereris,

157 1932 259 2006 Ruris
275 1930 433 2005 honorati
452 1949 581 2006 tantum
597 1932 681 2021 tibi,
697 1931 798 2032 Cipo,
817 1929 959 2020 dedere,

157 2050 331 2146 Quantum
348 2048 505 2150 depresso
522 2048 681 2147 subjectis
696 2047 810 2122 bubus
826 2064 938 2122 aratro

159 2162 346 2265 Compleeti
364 2193 480 2266 posses
499 2164 541 2238 ad
555 2164 654 2239 linem
670 2163 751 2239 solis
769 2163 811 2237 ab
830 2178 931 2235 ortu:

163 2281 364 2382 Cornuaque
380 2280 507 2370 eratis,
525 2280 640 2355 miram
657 2281 830 2355 referentia
845 2281 1012 2370 formam,
1198 2305 1243 2355 σω

161 2396 322 2471 Postibus
338 2395 552 2497 insculpunt,
571 2394 710 2491 longum
723 2425 876 2471 mansura
892 2425 958 2496 per
975 2424 1101 2470 aevum.

209 2518 286 2589 Vll.
305 2514 445 2589 Pandite
462 2543 570 2602 nunc,
588 2515 713 2602 Musae,
737 2514 913 2615 presentia
932 2513 1083 2587 numina
1096 2529 1231 2601 ratum,

162 2711 208 2765 sed
216 2731 266 2766 neo
273 2710 407 2782 vulgatum
417 2709 533 2764 damnat.
542 2712 591 2765 Ed.
597 2710 672 2763 -De
721 2719 830 2776 etus,ut
838 2709 887 2774 ait,
897 2709 1005 2763 ratione
1018 2709 1243 2769 crudeliorum,

162 2789 300 2843 suoeinctis
312 2787 370 2842 vide
385 2789 417 2842 ad
431 2791 473 2854 Χ,
489 2789 543 2842 ιο3.
722 2807 801 2857 quarn
818 2786 897 2840 babes
917 2788 945 2839 in
968 2788 1031 2841 loco
1048 2787 1151 2841 Valerii
1166 2805 1244 2857 quesn

195 2868 518 2937 610.P0puloprot1·teme.
531 2867 674 2921 Hicbaese-
721 2865 792 2919 inira
805 2864 887 2918 refert
899 2865 1008 2919 doctiss.
1027 2866 1170 2936 Gierigius
1185 2866 1244 2919 Non

163 2954 227 2994 runt
245 2943 401 3012 interpretes
420 2964 427 2997 ι
449 2963 532 3014 quum
552 2945 579 2996 in
600 2942 673 2996 MSS
722 2941 897 3011 improbanda
918 2954 990 2996 certe
1020 2955 1063 2998 est
1086 2942 1245 2998 emendatio.

164 3019 235 3070 nulla
247 3020 280 3071 sit
292 3021 418 3089 varietas,
432 3024 603 3076 Burmannus
614 3040 676 3074 con·
724 3023 817 3073 Et-
828 3020 969 3085 Valerius,
982 3020 1010 3073 d.
1026 3022 1044 3075 l.
1058 3020 1092 3075 de
1105 3022 1158 3075 boc
1171 3024 1245 3090 Cipo:

162 3092 219 3164 jicit
226 3101 321 3162 populo
331 3103 451 3164 mirante,
473 3108 614 3165 spectante,
634 3097 676 3150 vel
726 3120 740 3144 α
755 3098 853 3167 Capitis
869 3097 972 3166 effigies
985 3117 1067 3152 aereae
1079 3111 1181 3169 porte,
1196 3117 1246 3168 qua

163 3172 248 3248 simile
262 3172 360 3242 aliquid
371 3195 378 3236 ;
391 3175 458 3237 male
468 3178 627 3242 :protelante
636 3185 677 3228 est
726 3198 741 3225 a
754 3187 912 3243 excesserat,
932 3175 1038 3230 inclusa
1049 3189 1107 3242 est,
1127 3178 1246 3246 dictaque

166 3249 306 3320 prohibere
325 3248 445 3316 volente,
462 3269 559 3320 nempe
573 3250 678 3312 εΙειιιιο-Δ
727 3275 741 3302 o
754 3252 925 3315 rauduscula;
943 3272 1009 3306 nam
1027 3253 1095 3307 olim
1109 3273 1166 3308 era
1182 3271 1247 3306 rau-

166 3328 237 3382 ribus
251 3328 323 3395 suis,
340 3326 424 3380 invito
443 3327 549 3396 populo.
565 3328 679 3383 Nolebat
727 3356 741 3382 »
756 3334 819 3387 dena
839 3333 1005 3386 dicebantur.
1028 3357 1042 3381 »
1069 3335 1110 3388 M.
1135 3336 1249 3387 Varro:

167 3406 278 3476 populus
298 3417 352 3460 tam
367 3405 466 3460 clarum
482 3407 582 3462 meritis
600 3417 679 3475 caput
728 3434 743 3460 e
756 3409 861 3465 Deinde
880 3422 957 3480 porta
973 3410 1160 3478 rauduscula,
1181 3409 1249 3481 quod

167 3503 263 3537 corona
275 3483 378 3554 privari.
388 3485 479 3552 ltaque
493 3503 582 3536 rursus
594 3485 618 3537 ei
629 3489 679 3536 ius-
728 3512 743 3538 η
757 3502 834 3545 emta
844 3490 911 3555 suit,
933 3508 968 3543 ως
979 3490 1099 3543 randum
1112 3490 1225 3543 dictum,
1237 3510 1251 3535 »

164 3562 363 3630 ponuntseslam
375 3581 500 3614 coronam.
513 3560 594 3615 Plane
605 3560 641 3614 sic
651 3581 680 3615 se
727 3569 917 3621 -Prome'ram
925 3605 931 3617 .
940 3607 946 3620 .
955 3566 1098 3635 jorim,
1112 3586 1187 3621 unus
1196 3565 1254 3620 Lei·

164 3640 411 3708 prodIdeutelegitur
419 3641 455 3704 V,
466 3642 504 3707 45.
517 3637 609 3706 Populi
617 3658 680 3692 sen·
729 3644 816 3699 densis
834 3644 914 3697 babet
932 3664 1018 3696 seram
1035 3657 1088 3700 etc.
1102 3646 1179 3714 quod
1200 3663 1254 3698 non

169 3736 212 3771 sus
221 3738 283 3770 mox
291 3719 358 3772 bene
368 3738 517 3788 expressus,
531 3717 576 3771 sed
590 3719 680 3788 inepte
729 3721 840 3776 omnino
859 3719 1049 3774 damnandum
1066 3735 1163 3776 censet
1180 3723 1256 3775 Bur·

171 3792 306 3862 additum,
319 3801 374 3864 quis
386 3800 483 3850 credere
488 3798 597 3865 possit?
729 3817 861 3864 mannus,
873 3798 923 3850 nisi
932 3801 992 3867 quis
1004 3800 1084 3853 malit
1095 3809 1214 3854 vetem.

184 3869 681 3950 ⁶bao.AEratr’s...postibus.AnteHein-
762 3877 889 3945 θαι-744.
907 3880 1080 3946 AEsculaps'us
1097 3886 1128 3934 ie
1146 3883 1257 3933 e'nsulu

172 3958 241 3993 stum
248 3948 375 4002 edebatur
383 3957 493 4016 auratis,
503 3950 574 4019 quod
581 3951 681 4020 babent
735 3955 833 4007 liberis
844 3960 992 4009 arcessitus.
1007 3956 1095 4010 Anno
1108 3959 1170 4012 urb.
1181 3957 1257 4012 cond.

174 4035 265 4076 omnes
274 4026 332 4082 libri
339 4031 426 4098 scripti
433 4053 441 4103 3
454 4032 504 4088 boc
512 4033 624 4088 mutavit
631 4032 683 4087 du·
730 4034 798 4101 462,
819 4033 855 4103 Q.
869 4034 952 4089 Fabio
964 4034 1101 4107 Gurgite,
1121 4037 1159 4093 D.
1176 4036 1260 4092 Junio
