2760 4710
156 288 220 379 39²
256 343 261 350 .
420 288 460 352 r.
497 288 679 354 orlon
707 285 938 355 nusoms

155 430 236 526 Quo
252 428 340 501 serus
359 426 484 527 injusto
502 427 599 528 petiit
615 430 864 522 Agamemnona
879 425 978 500 leno.

158 583 174 613 o
195 550 472 647 Immemoresque
488 546 552 619 mei
572 545 755 633 disceditis,
774 545 903 645 inquit,
923 543 1075 619 Achivi?
1179 567 1225 635 445

158 695 176 726 »
197 660 398 760 Obrutaque
417 678 469 735 est
483 689 610 734 mecum
628 660 762 735 virtutis
779 659 885 756 gratia
902 661 1055 733 nostro?

157 813 174 842 η
195 780 245 850 Ne
262 778 380 865 sacite3
398 796 501 879 utque
521 806 631 851 meum
650 806 718 850 non
736 775 780 852 sit
793 776 863 850 sine
877 774 1007 849 honore
1019 774 1225 878 sepulcrum,

159 928 177 959 »
197 892 311 967 Placet
325 893 497 968 Achilleos
513 912 655 968 mactata
669 891 837 995 Polyxena
853 920 977 966 manes.
996 926 1016 958 »

156 1009 275 1083 Dixit:
294 1028 326 1083 et
340 1009 459 1084 immiti
477 1011 576 1085 sociis
590 1010 785 1113 parentibus
801 1009 947 1096 umbrae,

157 1129 267 1229 Rapta
285 1129 360 1202 sinu
376 1128 510 1216 matris,
529 1158 627 1230 quarn
641 1129 705 1228 jam
722 1156 827 1228 prope
842 1125 914 1200 sola
927 1125 1086 1214 fovebat,
1181 1145 1227 1214 tto

157 1241 289 1330 Fortis,
309 1259 342 1314 et
359 1239 490 1331 infelix,
509 1260 542 1315 et
557 1241 634 1343 plus
654 1271 753 1343 quam
770 1241 910 1327 semina,
927 1239 1025 1334 virgo

158 1356 305 1431 Ducitur
320 1357 361 1431 ad
379 1355 564 1444 tumulum,
583 1357 723 1457 diroque
740 1354 779 1429 fit
793 1355 904 1429 hostia
919 1354 1035 1426 busto.

159 1475 246 1571 Quae
263 1503 391 1548 memor
407 1475 480 1576 ipsa
497 1475 569 1560 sui,
586 1491 766 1574 postquam
782 1471 972 1547 crudelibus
988 1470 1058 1545 aris

161 1594 306 1667 Admota
323 1611 392 1681 est,
412 1592 581 1692 sensitque
599 1591 665 1666 sibi
679 1591 747 1665 sera
765 1620 854 1667 sacra
868 1588 995 1692 parari3

161 1712 277 1812 thue
295 1708 554 1810 Neoptolemum
572 1725 733 1796 stantem,
751 1709 942 1807 ferrumque
959 1722 1149 1791 tenentem,
1181 1724 1226 1793 455

162 1827 271 1924 Inque
289 1855 350 1899 suo
367 1823 450 1897 vidit
466 1822 620 1920 sugentem
638 1823 763 1898 lumina
780 1824 895 1898 vultu:

164 1976 182 2006 «
206 1945 306 2014 Utere
321 1939 516 2040 jamdudum
534 1968 696 2036 generoso
715 1941 892 2035 sanguine,
910 1937 1019 2028 dixit;

162 2100 207 2169 qni
218 2100 242 2153 ei
253 2098 344 2153 similis
354 2108 407 2161 est;
420 2098 479 2151 vide
493 2099 627 2153 Drakenb.
640 2099 673 2154 ad
722 2098 767 2168 qui
778 2097 886 2162 suadet,
900 2099 982 2150 dionis
992 2098 1039 2163 (et
1047 2095 1143 2163 infelix
1151 2097 1162 2161 )
1170 2115 1178 2157 ;
1187 2112 1226 2147 ve-

162 2175 209 2230 Sit.
218 2176 260 2242 ll,
273 2176 329 2243 534
342 2177 471 2235 —Petr'r't,
485 2187 574 2246 petere
584 2176 673 2230 voluit.
722 2199 782 2232 rum
794 2178 857 2232 illud
868 2188 899 2231 ot
910 2178 1003 2232 hicvix
1014 2176 1097 2231 babet
1107 2195 1183 2231 suum
1193 2176 1227 2230 lo·

200 2255 258 2322 446.
281 2259 374 2310 Gratia
393 2256 476 2326 placet
498 2275 552 2326 pre
573 2255 672 2323 altero,
721 2276 791 2310 cum.
803 2256 881 2310 Ordo
890 2255 1227 2321 verborumdebebatene‚

160 2337 258 2402 gloreo.
280 2333 350 2404 quod
370 2344 480 2388 tuentur
499 2333 574 2386 multi
591 2333 673 2388 MSS.
722 2334 819 2404 virgo,
840 2332 945 2398 infelix,
967 2332 1013 2385 sed
1036 2332 1115 2386 sortis
1134 2342 1162 2385 et
1180 2331 1228 2401 pto

165 2410 210 2464 llla
224 2411 296 2464 enim
311 2413 413 2481 gravius
424 2412 626 2466 incitamentum
640 2408 673 2462 ad
723 2431 803 2482 quarn
812 2412 912 2465 semina
924 2430 929 2464 :
941 2411 986 2465 sed
1001 2409 1076 2465 licuit
1089 2409 1229 2480 poetaeboe

162 2487 247 2541 offitia
268 2488 457 2559 persolvenda,
473 2507 552 2557 quam
570 2487 631 2540 brec.
641 2515 674 2526 -
722 2492 802 2543 verba
821 2500 1010 2558 transponere,
1031 2499 1062 2541 nt
1079 2489 1180 2543 oenties
1193 2486 1228 2540 la·

162 2570 220 2621 Nor
231 2574 352 2622 sitsrire:
365 2567 546 2621 Broukbusius
562 2564 675 2619 malebat
721 2579 795 2620 etum
806 2567 937 2621 videmus.

165 2664 197 2696 no
206 2650 247 2699 sel.
257 2674 290 2686 -
301 2647 361 2698 Srire
373 2648 476 2702 honore.
488 2644 543 2696 siue
557 2642 674 2710 inferiis,
755 2647 812 2712 453.
825 2648 990 2705 Alemanni,
1003 2665 1031 2697 se
1043 2663 1101 2697 esse
1109 2643 1229 2714 virginem

163 2732 193 2773 nt
204 2742 276 2775 sacra
285 2741 352 2792 srepe
365 2725 471 2774 horores
483 2720 614 2772 dicuntur.
721 2725 837 2794 regiam,
850 2735 876 2778 et
886 2724 1004 2776 animum
1015 2722 1116 2774 sortem
1127 2739 1230 2776 servans

199 2803 255 2870 449.
278 2801 405 2852 Sociorum
426 2798 565 2851 sententias
584 2796 673 2852 divisae
723 2802 781 2855 Hos
791 2821 878 2855 mores
889 2802 969 2872 spirat
981 2811 1038 2853 tam
1048 2819 1110 2868 qut
1120 2799 1229 2869 seqnitur

162 2889 260 2933 erant.
286 2876 340 2929 aliis
357 2895 412 2929 non
427 2877 566 2942 parendum
583 2880 677 2929 iuneti
722 2881 824 2946 oratio,
840 2900 919 2950 quam
932 2878 1056 2950 preclara
1068 2878 1230 2949 codisipsies

162 2957 252 3006 umbre
259 2953 425 3007 censentibus
437 2973 444 3005 :
456 2952 502 3006 sed
514 2951 557 3006 bic
569 2972 673 3022 quoque
721 2959 855 3024 narratio,
867 2977 931 3011 vers.
944 2959 1081 3026 475-480,
1098 2956 1133 3010 ad
1145 2974 1230 3009 exem·

162 3034 223 3087 vicit
232 3033 367 3101 eloquium
377 3034 493 3105 Ulyssis3
507 3033 673 3100 Euripides
721 3036 794 3105 plum
808 3034 957 3105 Euripidis,
969 3054 1005 3087 rs
1018 3035 1070 3101 345
1081 3035 1230 3103 sqq—Fen

165 3130 213 3181 arg
224 3129 277 3179 seq.
290 3139 322 3149 -
334 3113 445 3163 hoedo!
459 3111 571 3182 eleganti
589 3120 674 3164 meta-
721 3131 811 3164 sacro:
820 3111 941 3164 nonnulli
947 3111 1091 3179 serosotoe
1103 3111 1231 3166 unusllle·

163 3192 246 3262 pbora
266 3208 385 3243 amorem
403 3191 541 3260 exprimit,
562 3211 615 3260 qno
627 3211 674 3260 pa·
721 3190 809 3244 diceus
820 3191 883 3258 lero
900 3194 992 3251 busto,
1015 3189 1089 3243 unde
1111 3191 1230 3244 Heinsius

163 3282 253 3326 rentes
261 3268 456 3339 amplectuntur
464 3269 674 3324 liberos—Solos
720 3268 826 3335 conjicit
831 3267 977 3334 lerojosto.
986 3268 1053 3320 Fero
1060 3269 1172 3321 soctoin
1182 3269 1232 3322 tte-

162 3361 191 3402 et
201 3353 313 3403 soletodo
324 3347 357 3400 de
370 3348 400 3400 iis
411 3346 507 3400 dicitur
520 3348 564 3415 qui
577 3366 674 3417 paren-
720 3346 766 3414 giis
773 3344 1059 3399 conquassatum
1065 3353 1165 3412 parato,
1177 3365 1231 3417 pro,

165 3433 254 3496 tibus,
272 3427 451 3498 coniugibus,
471 3426 557 3480 liberis
580 3427 674 3496 privati
720 3443 747 3476 se
762 3422 918 3476 destinatam
934 3442 988 3477 esse
1006 3422 1139 3491 bostiam,
1157 3425 1232 3478 etiam

162 3505 536 3574 sunt-Plusqeoorseon‘rro,
547 3523 674 3574 superans
721 3503 789 3572 apud
801 3502 956 3573 Virgilium,
968 3503 1032 3556 AEn.
1043 3504 1087 3570 ll,
1104 3505 1159 3558 132.
1171 3505 1226 3558 Non

163 3607 253 3641 sexum
269 3605 346 3639 suum
362 3582 505 3638 tolerandis
520 3583 674 3637 calamitati·
721 3593 809 3635 autem
822 3592 878 3634 tum
892 3581 1001 3635 demum
1012 3589 1107 3648 serse'l,
1121 3583 1168 3638 sed
1179 3586 1227 3652 jam

162 3665 226 3728 bus;
240 3666 294 3732 lx,
308 3665 372 3731 543,
379 3667 441 3732 ptos
450 3661 675 3730 quamserrepoel·
720 3671 780 3713 ante
793 3663 1139 3729 cognorat-Neoptolemo
1147 3682 1227 3717 sacer·

163 3747 216 3793 Ion
224 3746 303 3796 Posse
309 3754 394 3810 potes,
412 3760 458 3808 ego
469 3743 532 3792 dom
542 3742 596 3792 toli.
606 3740 673 3794 Tan.
720 3738 768 3791 dos
775 3747 830 3791 erat
838 3739 995 3792 constitutus
1005 3738 1085 3808 hujus
1097 3740 1226 3805 saoeificii3

164 3819 250 3872 Faber
261 3819 287 3872 h.
300 3838 366 3872 vers.
380 3818 412 3872 ad
424 3819 487 3871 artis
497 3815 599 3887 regulas
609 3836 674 3870 mo-
720 3815 876 3885 Euripides,
888 3836 953 3870 vers.
963 3817 1019 3869 223.
1029 3817 1179 3887 Quomodo
1189 3819 1228 3872 io·

164 3914 222 3948 rose
234 3897 400 3962 examinans,
413 3895 487 3949 valde
499 3915 562 3950 eum
572 3895 674 3965 impro-
720 3891 827 3948 terferta
839 3894 888 3960 sit,
904 3893 1044 3964 diligenter
1058 3897 1140 3950 matri
1153 3894 1228 3951 refert

164 3974 226 4037 bat,
243 3972 437 4042 emendatque,
455 3975 562 4028 dodi'tcr
574 3973 673 4043 r’aeselrle.
720 3970 876 4045 Talthybius
887 3973 949 4026 ibid.
962 3993 1029 4028 vers
1042 3978 1089 4029 ὅτι
1104 3996 1160 4047 sqq.

166 4049 272 4103 AEstum
284 4049 342 4116 eius
354 4051 490 4120 componit
503 4051 674 4108 Burmannus
751 4053 809 4121 ⁴57·
819 4054 987 4117 landarum,
1000 4053 1134 4109 continuo
1142 4070 1229 4125 ,quam
