2708 5094
115 398 156 461 58
369 395 410 460 P.
440 394 619 462 OVlDll
642 393 870 461 NASONIS

97 533 142 605 Sit
156 531 234 605 licet
248 532 313 604 boe
330 531 466 627 ingens,
486 530 649 633 quidquid
662 530 805 633 sperarit
819 529 946 606 Ulixes.

91 653 157 723 lste
176 648 251 722 tulit
268 650 409 749 pretium
423 648 488 746 jam
504 677 593 722 nnnc
609 647 795 722 certaminis
810 646 931 746 hujus,

93 765 173 861 Quo
192 792 294 864 quum
309 765 415 838 victus
432 765 510 851 erit,
528 793 655 839 meeum
674 782 813 839 certasse
828 763 962 838 seretur.
1125 796 1157 837 oo

92 880 204 979 Atque.
218 908 298 974 ego,
319 879 348 952 si
364 879 468 951 virtus
487 881 522 951 in
537 909 588 953 me
606 879 802 954 dubitabilis
819 896 919 968 esset,

91 995 274 1069 Nobilitate
292 1013 413 1097 potens
430 1023 553 1083 essem,
569 994 745 1069 Telamone
762 1011 908 1082 creatus,

93 1112 217 1186 Moenia
237 1113 293 1215 qui
312 1114 390 1186 sorti
407 1113 549 1212 Trojana
567 1113 629 1188 sub
647 1112 789 1188 Hercule
806 1112 912 1213 cepit,

91 1226 271 1326 Litoraque
287 1227 419 1299 intravit
439 1228 587 1324 Pagasaea
604 1227 727 1302 Colcha
744 1227 860 1302 rarina.

93 1342 214 1416 AEacus
230 1342 307 1416 huic
323 1361 416 1445 pater
432 1361 499 1431 est,
518 1344 574 1445 qui
590 1347 660 1444 jura
679 1344 852 1419 silentibus
869 1340 939 1415 illic
1119 1362 1155 1414 25

92 1455 234 1544 Reddit,
253 1457 313 1530 ubi
329 1456 482 1531 AEolidon
498 1485 612 1531 saxum
627 1487 724 1554 grave
740 1456 907 1559 Sisyphon
925 1470 1030 1551 urget.

92 1633 164 1689 sarile
177 1637 279 1689 sentiet
295 1638 351 1688 Non
363 1646 404 1690 es!
413 1642 442 1688 ei
450 1642 592 1704 superbum.

93 1714 248 1775 nonhabet,
260 1716 457 1783 rursuperbiat;
466 1716 523 1769 vide
534 1718 598 1769 Bur·

93 1810 183 1843 mann.
193 1789 224 1844 ad
235 1792 341 1844 Petron.
354 1811 408 1861 rap.
424 1794 493 1844 ril-
502 1796 599 1846 Tenui}-

93 1885 133 1925 sc.
148 1866 295 1921 obtinuisse.
306 1897 339 1909 —
348 1875 416 1935 (tuo.
433 1870 528 1924 sriliret
541 1891 600 1923 rer-

95 1946 201 1999 tamine.
221 1949 333 2000 Antistii.
348 1969 371 2017 p.
387 1953 417 2015 54
429 1969 435 2002 :
449 1953 459 2004 i
471 1955 563 2017 κοὶιμος
577 1955 600 2004 sl

95 2029 275 2099 liyprpt'urrsre,
289 2025 338 2078 ἄλλ’
346 2033 409 2102 ἷίιγῳ.
418 2027 505 2096 Vulgo
517 2027 562 2097 (et
572 2027 599 2079 in

95 2100 184 2170 Regiis
199 2101 320 2171 nostris)
339 2107 416 2170 Quod
429 2125 502 2173 quam
520 2110 601 2157 vr‘ctus

93 2182 153 2236 erit:
167 2178 241 2232 multi
257 2184 409 2250 (lur'quums
423 2182 468 2235 sed
480 2202 528 2251 pao
539 2182 601 2251 pla-

94 2256 148 2309 cuit
156 2257 279 2322 lleinsio,
290 2259 449 2323 florentini,
460 2262 600 2331 Berneger.

94 2334 227 2389 Borborn.
239 2337 358 2390 rodirurn
374 2338 535 2391 arrrtoritate.

112 2478 116 2483 Ι
129 2414 219 2466 21-33.
228 2418 361 2483 Atqueego
371 2427 418 2468 etr.
432 2414 598 2468 Nobilitatem

94 2495 197 2563 generis
215 2496 292 2564 jactat
312 2507 338 2549 et
359 2497 416 2564 jure
437 2494 600 2547 haereditario

94 2574 201 2639 nititur,
216 2585 357 2641 utrumque
372 2576 399 2626 in
411 2574 599 2627 contumeliam

95 2654 201 2724 Ulyssis.
213 2655 303 2708 Verbo
315 2667 417 2708 tautum
430 2654 483 2708 baer
496 2656 599 2721 attingit

95 2730 213 2798 Quintus
223 2730 340 2785 Calaber.
351 2733 459 2785 235-36.
470 2733 599 2799 Atpnein·

92 2809 170 2860 servit
179 2809 373 2862 transitionibus
382 2829 388 2871 ς
396 2808 455 2861 vide
464 2809 598 2865 Clar.Cic.

92 2912 125 2924 -
134 2886 268 2939 satutare
280 2897 382 2951 potens.
398 2887 491 2941 nobilis
504 2907 510 2939 ε
523 2889 598 2940 addi·

94 2970 138 3011 tur
148 2961 219 3013 enirn
227 2972 318 3027 polens
330 2964 451 3017 omnibus
464 2965 494 3017 iis
504 2965 596 3032 rebus,

92 3053 150 3103 quse
162 3035 249 3090 vatent
263 3039 359 3107 aliquid
374 3043 444 3095 inter
459 3042 595 3108 homines,

94 3115 186 3181 quibus
203 3117 315 3170 multum
333 3119 464 3174 efficitur:
480 3121 597 3188 hinepo-

90 3198 146 3242 lens
158 3199 320 3247 auctoritate.
335 3196 442 3262 favore.
456 3204 535 3265 copiis
547 3207 596 3251 etc.

91 3269 133 3322 De
146 3269 279 3325 nobilitate
292 3272 459 3327 AEacidarum
471 3274 529 3327 vide
542 3275 597 3327 lso-

90 3358 199 3413 cratem,
211 3348 289 3419 Erag.
298 3370 354 3421 pag.
364 3352 520 3418 452,Wols.
531 3353 594 3404 min.

91 3427 192 3480 Eorum
200 3439 255 3481 acta
262 3428 336 3485 suere
344 3451 402 3501 pars
409 3431 513 3485 illustris
520 3432 596 3485 bisto-

89 3507 134 3559 riae
146 3506 259 3575 autiquoe
270 3530 276 3569 ;
287 3510 379 3563 ttorar.
394 3511 434 3563 lll
445 3550 453 3576 ,
466 3508 519 3562 Οὐ.
533 3525 594 3575 nx,

88 3583 340 3656 init-Moenr'upur'.
350 3628 356 3639 .
365 3629 371 3641 .
381 3592 460 3655 kepel,
472 3587 531 3640 vide
540 3588 594 3654 Xl,

89 3664 144 3714 213.
155 3692 189 3703 -
200 3668 308 3717 latravit
318 3668 393 3717 litora
409 3684 473 3734 pro,
490 3665 595 3719 intravit

86 3750 184 3807 portus.
193 3771 226 3782 -
234 3744 357 3809 Pegaseo
368 3749 455 3795 tareisa
469 3744 554 3809 (male
566 3744 594 3797 iu

87 3816 176 3885 Regiis
197 3821 292 3874 nostris
315 3819 408 3889 legitur
431 3823 593 3889 Pegaseo),

84 3892 205 3951 fabricata
216 3900 264 3951 sub
276 3901 390 3970 Pegaso,
410 3900 593 3969 promontorio

85 3982 111 4023 et
123 3974 218 4042 oppido
231 3976 378 4031 Thessaliae,
390 3978 440 4031 Ed.

117 4054 156 4104 25.
169 4055 278 4107 ficus.
288 4096 294 4106 .
304 4097 309 4108 .
321 4059 431 4125 qm'jm
442 4069 491 4112 etc.
504 4056 593 4112 Pleri-

647 1636 745 1706 jndires
759 1633 899 1689 infernales
913 1642 1078 1704 agnoscunt,
1095 1630 1157 1688 Mi-

648 1734 699 1767 noa
712 1726 738 1767 et
750 1710 991 1766 Rhadamanthum.
1002 1710 1100 1764 AEatus
1112 1728 1157 1781 po·

648 1787 1156 1858 tiusPlutonisclavigerierebaturuide

650 1867 800 1921 Fischer.ad
810 1866 961 1920 AEsrbinem
970 1865 1157 1938 Axiocbmpr

647 1946 691 2003 sed
703 1966 756 1998 non
768 1948 882 2012 mirum,
892 1946 913 1998 si
923 1946 992 2013 Aiax
1004 1944 1155 2016 gloriatui!-

649 2023 694 2076 lud
714 2025 812 2078 maluit.
841 2024 908 2076 Vide
925 2023 1039 2079 omnino
1059 2022 1154 2097 lleynii

650 2104 711 2157 Ere.
720 2105 759 2158 xl
769 2104 800 2156 ad
812 2106 884 2174 Virg.
892 2104 1002 2158 AEneid.
1010 2103 1154 2158 VL-slm

647 2185 779 2233 silentibus
790 2185 846 2235 illic
856 2185 969 2243 Reddit,
988 2181 1066 2235 multi
1079 2183 1153 2234 siles-

647 2262 714 2310 !r'bus
724 2264 833 2313 umbris:
843 2259 888 2312 sed
898 2259 1072 2313 Burmannus
1080 2258 1151 2311 docel

647 2341 749 2390 silentes
766 2339 880 2391 absolute
894 2337 1035 2391 interdurn
1048 2334 1097 2391 diri
1111 2336 1147 2389 si·

648 2414 731 2467 lentes
742 2417 846 2467 umbras
859 2422 868 2481 (
881 2415 957 2484 Regii
965 2415 1067 2469 rodirss
1075 2416 1148 2467 seles·

647 2496 714 2544 tr'bus
723 2494 814 2556 1'll1'r);
830 2503 856 2545 et
871 2512 936 2562 pro,
954 2492 1026 2561 apud
1042 2490 1144 2555 inferos,

647 2571 707 2623 satis
719 2572 827 2635 acerbe,
839 2575 909 2627 illic.
924 2572 1097 2642 ube'Sr'syplss
1106 2589 1146 2623 ss·

646 2667 786 2715 surreptam
792 2657 867 2714 urget.
875 2645 1005 2718 Sisyphus
1012 2647 1083 2700 enisu
1089 2644 1147 2699 latro

648 2727 795 2780 Anticleam
805 2766 812 2791 ,
823 2727 924 2799 Ulyssis
934 2737 1063 2793 matrem,
1074 2742 1147 2795 quum

647 2806 678 2857 ad
692 2805 811 2857 luet-tour
823 2804 977 2869 duceretur,
989 2802 1145 2873 compressit,

646 2901 676 2934 er
686 2881 884 2950 quoruncubitu
891 2881 999 2954 Ulysses
1009 2892 1099 2934 natus:
1107 2878 1147 2932 du·

646 2961 703 3030 pler
720 2962 799 3031 igitur
815 2962 882 3014 inest
897 2962 1056 3015 convicium.
1076 2957 1147 3031 Apud

646 3041 818 3109 Euripidem,
833 3039 889 3109 lpb.
901 3038 961 3093 Aut.
970 3042 1036 3106 524,
1049 3038 1148 3109 Utyoe

645 3119 739 3172 dicitur·
751 3125 867 3191 erdfrtsa
878 3124 983 3196 rripit«,
998 3119 1070 3189 quod
1081 3118 1149 3175 {lusit

644 3197 750 3251 sortasse
765 3198 841 3261 inde,
854 3200 914 3268 quia
927 3199 1036 3271 Ulysses
1046 3197 1148 3265 ingenio

644 3277 752 3330 similior
769 3276 902 3348 Sisypho,
919 3295 1000 3345 quam
1015 3276 1149 3329 herti.-

648 3359 737 3425 Urget.
752 3358 861 3427 premit,
874 3356 1000 3424 degravat
1011 3378 1018 3419 ;
1032 3375 1096 3409 nam
1105 3374 1148 3409 ss·

643 3437 760 3491 cundum
772 3437 956 3505 Propertium,
972 3436 1015 3503 ll,
1029 3434 1148 3502 xv1,3o,

643 3529 669 3570 et
682 3518 758 3583 alios,
770 3515 896 3587 Sisyphus
908 3534 1000 3568 sarum
1012 3512 1149 3567 renisibus

642 3596 793 3664 impositum
805 3593 874 3663 apud
887 3592 985 3646 inferos
996 3603 1088 3663 gestat.
1100 3588 1149 3647 Set

643 3691 724 3741 quum
741 3671 803 3724 illud
820 3673 898 3724 etiam
914 3672 1019 3724 volvere
1034 3671 1146 3734 ditatur,

643 3770 715 3818 aeque
728 3750 795 3802 bene
810 3770 836 3801 se
853 3749 931 3801 babet
950 3748 1068 3801 duorum
1079 3746 1145 3801 MSS

641 3826 725 3880 Stroz.
734 3837 759 3879 et
770 3827 875 3879 Barber.
884 3825 970 3890 lertio,
978 3828 1139 3891 Malim-1

642 3905 761 3973 Sisyphus
774 3912 855 3969 urget.
872 3912 900 3954 ut
913 3901 969 3965 IV,
985 3899 1052 3973 499,
1070 3922 1084 3945 α
1097 3900 1133 3953 At

644 4003 656 4026 ν
671 3982 751 4051 potis,
767 3992 811 4034 aut
824 4001 900 4051 urges
913 3981 1049 4033 ruiturum
1059 4019 1068 4045 ,
1078 3978 1126 4051 Sis}

642 4080 656 4105 ³>
670 4058 719 4128 phe
729 4078 850 4125 ,saxum
863 4082 875 4104 »ι
886 4058 945 4111 vide
955 4059 1119 4112 Burmsnrun

84 4148 135 4198 que
152 4139 240 4185 tamen
260 4143 360 4187 veteres
383 4156 438 4189 non
458 4136 507 4191 nisi
528 4134 594 4190 dnos
639 4137 760 4207 -Regii
776 4137 877 4189 codices
896 4136 961 4189 nibil
976 4146 1107 4190 mutant:
