2760 4710
151 296 218 381 aad
438 293 477 360 P.
505 292 688 361 OVIDII
716 289 947 359 NASONIS

150 440 237 511 Ecce
253 460 358 508 nurus
377 432 561 522 Ciconum,
581 449 674 508 tecta
687 431 855 533 lymphata
870 429 984 505 lerinis

151 552 292 624 Pectora
309 546 509 634 velleribus,
530 546 650 621 tumuli
668 547 708 622 de
723 545 842 620 vertice
859 561 1000 619 cernunt

153 673 308 775 Orphea,
324 672 489 773 percussis
506 672 685 745 sociantem
704 672 846 746 carmina
864 669 983 763 nervis,
1199 688 1213 740 t

151 801 180 872 E
200 796 323 898 quibus
340 824 424 884 una,
439 794 542 870 levem
554 795 676 895 jactato
693 795 781 870 crine
798 822 859 896 per
874 822 1004 880 auram,

155 956 173 985 «
192 924 261 1007 En,
277 920 337 1008 ait,
355 948 395 993 en
409 918 463 992 hic
481 937 532 992 est
545 920 650 993 nostri
669 936 875 993 contemtor:
895 951 911 983 o
929 933 963 991 et
979 916 1111 989 hastam

152 1045 246 1118 Vatis
263 1042 433 1145 Apollinei
449 1040 574 1115 vocalia
592 1042 683 1116 misit
700 1042 736 1115 in
752 1071 832 1128 ora,

154 1234 217 1287 aliis.
226 1231 294 1284 Vide
303 1230 335 1283 ud
343 1230 475 1299 Plinium,
486 1229 556 1282 tib.v
560 1229 601 1296 ll,
613 1221 662 1299 Ep.
710 1250 761 1284 ras.
773 1229 889 1298 —Regii
902 1227 984 1281 nostri
993 1231 1072 1280 Imus
1083 1244 1181 1281 ama.
1189 1252 1217 1267 -·

155 1329 201 1375 rx,
225 1330 261 1362 rr.
275 1308 329 1363 Sed
348 1308 483 1377 disputant
501 1307 663 1376 Interpretes
711 1313 817 1362 luctato
832 1314 915 1369 crine,
939 1326 1014 1360 more
1035 1304 1215 1369 Baccharum,

153 1390 270 1457 primum
289 1399 379 1441 utrum
397 1391 488 1451 ducr't,
508 1404 541 1438 an
561 1404 592 1437 es
610 1385 664 1440 aliis
713 1387 789 1451 (vide
801 1387 832 1439 ad
842 1387 901 1447 lll,
915 1385 979 1455 726)
991 1395 1018 1437 et
1026 1384 1217 1439 omninolana-

154 1467 228 1521 MSS
244 1468 324 1519 trahit
336 1462 478 1533 legendum
490 1462 544 1519 sit?
559 1462 663 1515 Deinde
712 1468 824 1519 ticorum
836 1464 1217 1533 vaticinantiumquerEsds'r

154 1558 243 1599 utrum
265 1541 390 1611 Orpbeus
409 1541 549 1595 oblectasse
566 1559 624 1592 saxa
636 1550 663 1593 et
711 1540 1216 1611 estQuatuorhr'chr'cest.utlll,7sl,

154 1624 228 1676 silvas
237 1620 347 1684 dicatur,
356 1638 390 1671 an
399 1619 456 1671 loeo
464 1616 589 1671 movisse?
599 1618 665 1669 Bur·
711 1623 785 1672 ate...
792 1623 843 1673 r'lle.
854 1646 888 1659 -
896 1618 970 1688 Regii
979 1617 1122 1679 nostrils's
1131 1618 1217 1671 hieru.

156 1718 269 1753 mannus
278 1706 348 1750 reete
358 1695 452 1759 docet,
465 1704 604 1761 utramque
614 1712 665 1746 no-
712 1725 745 1738 -
763 1700 853 1751 Nostri
864 1704 1023 1761 comentem
1041 1706 1136 1767 spreto
1154 1694 1218 1751 enin

156 1778 257 1830 tionem
270 1786 297 1828 et
309 1774 414 1842 utrique
430 1771 512 1824 verbo
527 1770 625 1837 inesse,
638 1782 666 1824 et
713 1775 854 1828 mulierum
864 1794 911 1829 usu
921 1792 1016 1844 pueros
1027 1792 1120 1827 amere
1129 1772 1218 1827 docue-

156 1855 216 1907 buic
229 1854 286 1905 loco
300 1849 450 1903 convenire.
473 1847 560 1901 Etiam
578 1850 666 1903 eaeteri
713 1864 763 1907 rat.
776 1855 817 1919 X,
839 1873 877 1924 79
896 1851 941 1905 Sic
951 1862 978 1905 et
990 1850 1217 1921 Pbanoclesetqst

156 1944 289 1996 auctores,
302 1930 347 2000 qui
358 1929 438 1997 hujus
448 1931 485 1983 rei
499 1931 664 1995 mentionem
715 1931 846 1999 Virgilius.
859 1929 912 1983 Sed
927 1928 1089 1996 Pausaniae,
1105 1928 1218 1997 nosen

155 2011 270 2074 faciunt,
284 2018 397 2075 utroque
410 2006 518 2061 trabunt
529 2048 536 2073 ,
549 2027 663 2077 eumque

157 2105 219 2140 mox
226 2088 350 2143 mulsr'sse,
360 2102 421 2135 mos
429 2087 539 2137 duxisse.
548 2090 663 2146 morasse,

157 2164 340 2219 traxisse'sasa
348 2162 463 2216 tradunt.
474 2162 665 2231 Optimumer-

158 2263 191 2314 go
202 2254 257 2309 est,
270 2242 326 2295 lraec
335 2260 395 2294 cum
407 2242 563 2295 Burmanno
574 2242 608 2294 ita
620 2260 666 2309 q-

156 2341 218 2391 pere
227 2360 235 2387 ,
243 2320 359 2373 mulsisse
368 2316 665 2388 Orpheumcarminum

157 2397 281 2451 suavitate
290 2395 378 2463 silvas,
390 2395 490 2451 leraset
500 2416 575 2460 sasa3
587 2416 666 2450 earn·-

158 2496 209 2545 que
219 2475 296 2530 fuisse
309 2495 413 2529 causam
425 2515 432 2541 ,
451 2486 480 2527 ut
492 2487 666 2545 sequerentur

158 2555 216 2622 ejus
227 2552 456 2608 cantum—Vide
470 2554 564 2605 llorat„
577 2553 619 2608 lib.
633 2555 664 2621 l,

159 2630 211 2683 Od.
222 2647 278 2696 xn,
291 2653 318 2701 7,
329 2628 361 2682 de
369 2640 480 2682 canente
489 2628 606 2698 Orpheo.
616 2632 664 2683 Ed.

191 2709 215 2759 3.
229 2712 312 2761 Natus
324 2707 435 2760 omnino
450 2708 572 2760 mulieres
586 2727 592 2760 :
606 2708 665 2761 vide

159 2784 190 2838 ad
199 2786 239 2839 lX
246 2824 254 2850 ,
262 2786 318 2852 643.
328 2784 440 2837 Bacchas
449 2782 571 2837 describit
582 2804 596 2837 a
607 2804 666 2838 ves-

157 2863 221 2927 titu,
233 2861 398 2929 tectaesmirs‘s
406 2865 553 2921 velleribus:
562 2861 621 2915 vide
632 2862 664 2915 ad

156 2938 208 3003 IV,
217 2941 428 3009 belsephon,
442 2936 531 2991 surore
538 2937 665 2992 Bacchico

157 3026 276 3084 correpta
283 3019 436 3086 :lymphatus
443 3017 547 3085 proprie
557 3016 600 3070 cui
611 3016 664 3069 visa

157 3092 184 3143 in
203 3110 269 3161 aqua
288 3090 418 3164 Nympbte
438 3095 523 3163 imago
537 3092 665 3147 insaniam

157 3170 398 3238 injecit-Turnulr'.
405 3172 532 3225 Nonnulli
538 3173 565 3224 iu
573 3172 666 3245 Olym·

158 3267 191 3317 po
201 3259 309 3316 monte,
322 3248 365 3302 alii
374 3249 400 3302 in
411 3250 522 3321 Pangreo
529 3249 556 3302 id
568 3250 665 3303 lartum

157 3326 307 3379 narrabant.
322 3324 390 3378 Vide
404 3326 550 3397 Hyginum
569 3353 601 3366 -
622 3326 664 3379 De

159 3406 293 3458 Cs'cemlus
303 3402 403 3457 dictum
415 3405 447 3457 ad
464 3407 506 3472 X,
523 3428 544 3459 a.
557 3434 589 3445 -
597 3409 665 3460 Per-

155 3488 239 3536 cussis
252 3495 301 3537 etc.
318 3483 482 3537 occinentem
499 3503 565 3537 sono
581 3486 665 3538 obor-

134 3552 146 3567 ’
156 3564 259 3617 darum.
273 3566 308 3632 V,
321 3565 371 3633 340
381 3605 388 3632 ,
398 3572 528 3632 percussis
538 3566 668 3634 subjungit

157 3650 269 3696 rarmr'rra
278 3648 374 3709 κεινὰς
387 3644 416 3709 Ι,
428 3646 494 3709 518,
505 3663 552 3711 per
557 3663 596 3695 me
604 3664 666 3697 con-

156 3723 382 3774 cordantcarmr'ns
389 3727 478 3775 recres.
492 3720 606 3774 Clrordae
617 3740 666 3774 au-

157 3813 211 3853 tem
221 3802 549 3872 dicunturperculr',ser1'n',
554 3809 663 3872 pulsan,

153 3881 238 3942 pelli:
251 3880 308 3934 ride
326 3882 473 3937 Broukbus.
491 3880 524 3936 ad
544 3883 664 3952 Proper-

158 3954 237 4019 tium,
252 3956 279 4008 tl
289 3996 297 4022 ,
309 3974 334 4026 1,
345 3979 369 4031 9.

190 4032 214 4084 ti.
232 4036 320 4086 herem
332 4057 425 4091 auram.
439 4038 526 4109 Vulgo
538 4043 603 4094 leues
614 4060 664 4094 as·

714 2008 761 2077 768
772 2047 780 2074 ,
794 2006 919 2076 neglectis
929 2006 1081 2076 vulgaribus
1092 2002 1219 2079 opinionij

712 2087 776 2151 bus,
786 2086 942 2149 arbitratur,
955 2083 1093 2137 Thracum
1104 2083 1219 2139 metues

712 2174 893 2216 succensentes
904 2161 1016 2230 Orpheo
1026 2201 1034 2227 ,
1046 2160 1121 2231 quod
1132 2160 1182 2217 bue
1191 2159 1220 2213 il-

714 2242 755 2295 luc
764 2261 860 2311 vagans
874 2240 984 2294 maritos
994 2258 1087 2295 seeum
1101 2239 1218 2304 duceret,

713 2318 818 2373 insidias
827 2320 949 2373 struxisse
959 2319 1020 2373 vito
1031 2316 1109 2387 ejus,
1126 2330 1155 2375 et
1163 2320 1219 2373 itte-

713 2398 809 2452 briatas
820 2395 961 2467 aliquando
975 2394 1137 2466 perfecisse,
1154 2394 1219 2467 quod

714 2487 791 2531 antea
810 2488 883 2530 metu
901 2476 1063 2529 maritorum
1080 2494 1135 2531 non
1154 2492 1217 2529 m

714 2567 808 2611 essent
819 2557 892 2610 Hinc
900 2556 1053 2610 institutum
1061 2554 1218 2611 inter'l’brs·

714 2654 769 2700 cas,
789 2645 818 2688 ut
828 2635 877 2687 viri
892 2653 946 2686 non
963 2635 1012 2687 nisi
1033 2632 1172 2688 temulenti
1186 2630 1219 2685 ad

733 2712 802 2764 raelia
818 2711 926 2766 exirent.
945 2710 1087 2783 AEscbylus
1107 2708 1141 2765 sel
1155 2710 1222 2765 Βι-

714 2732 793 2845 bum
801 2800 933 2842 auctorem
940 2808 998 2842 rem
1005 2788 1221 2859 retuleratqum

715 2864 1222 2939 Orpbeusnoneelebraritcarminetsls'

716 2946 829 2999 Veneris
840 2946 952 3015 impulsu
970 2945 996 2998 id
1012 2945 1140 3005 mulieres
1153 2962 1222 2999 sessu

715 3044 769 3077 esse
781 3024 919 3079 tradebant
930 3045 936 3077 :
947 3022 1008 3076 vide
1022 3020 1223 3097 Hyginumdl.

714 3131 748 3143 -
759 3107 884 3165 Ismara,
897 3104 1039 3176 thyrsum,
1057 3103 1093 3159 de
1104 3122 1158 3175 spuo
1168 3100 1223 3157 side

715 3180 747 3233 ad
761 3182 817 3247 lll,
832 3185 928 3248 54²-
939 3185 1047 3237 Pbcale'a
1055 3203 1117 3245 om,
1127 3200 1225 3239 mest·

716 3259 766 3319 lla,
783 3259 863 3311 etiam
875 3260 910 3323 V,
922 3259 986 3323 33²3
998 3264 1101 3313 vocale?
1115 3260 1225 3328 Orphe

716 3336 784 3406 apud
796 3337 957 3405 Horatium,
968 3339 980 3392 l
992 3376 1001 3405 ,
1011 3336 1066 3393 Od.
1078 3354 1137 3404 xtt,
1151 3358 1175 3408 7.
1181 3336 1224 3391 Vi-

715 3415 794 3469 detur
802 3428 892 3469 autern
903 3417 987 3471 laudis
997 3417 1073 3473 notio
1087 3416 1224 3473 inessein·

715 3492 822 3545 terdum
833 3493 893 3547 huic
903 3494 979 3559 voti,
997 3505 1027 3548 ut
1043 3493 1135 3548 schot.
1153 3492 1223 3549 om

715 3570 849 3636 observat,
862 3582 888 3624 et
899 3571 933 3627 de
944 3572 974 3624 iis
985 3583 1146 3641 usurpatum
1155 3590 1223 3637 eus,

715 3650 759 3717 qui
768 3650 864 3703 darum
873 3662 899 3703 et
909 3669 1035 3705 sonoram
1043 3670 1137 3705 vocem
1147 3650 1223 3705 lde·

714 3742 783 3785 rent.
795 3759 829 3771 -
846 3735 920 3785 Vatis
931 3730 1076 3799 Apelleises',
1099 3750 1162 3786 cum
1173 3730 1222 3785 tls·

713 3809 802 3875 lectu,
820 3828 900 3879 quem
911 3810 997 3863 vereri
1006 3806 1155 3875 debebant,
1167 3806 1220 3879 qui!

715 3897 741 3939 et
758 3886 885 3954 Apollinis
893 3885 961 3940 sullus
971 3887 1040 3953 (sid.
1051 3886 1084 3940 ad
1095 3888 1137 3952 X,
1150 3880 1217 3956 157),

714 3974 740 4016 et
749 3963 1218 4035 abApollinemusicsmedoctuslly·

714 4041 804 4111 girus,
817 4041 886 4097 dicto
899 4042 965 4097 loro.
