2760 4710
151 345 220 419 566
428 339 969 454 METAMQRPHOSEON

151 485 332 564 Undecima
354 483 529 585 Orpheum
545 480 662 578 lugere
680 481 852 559 volumina
867 501 1025 559 mortem

201 594 411 668 lnstituuut:
429 591 559 669 asinum
575 591 675 688 fingit
692 590 820 692 Apollo
836 591 996 682 Midam,

150 700 238 777 llion
256 718 289 773 et
305 699 431 774 condit.
447 696 621 772 Telamoni
640 696 786 772 traditur
801 726 891 773 uxor
1038 758 1042 767 .

203 808 374 896 Hesiona,
392 804 537 880 AEacidae
552 804 607 879 vix
624 823 780 908 superata
796 805 930 881 Thetis.

150 918 249 989 Tunc
267 915 309 990 ad
326 916 465 1016 Ceyeem
483 913 691 988 convertitur
708 912 995 1017 Halcyonemque
1227 935 1258 991 tt

203 1024 365 1109 Carmen,
382 1039 417 1096 et
434 1021 476 1095 ad
492 1021 652 1122 Morpbei
668 1022 796 1095 somnia
812 1049 890 1096 vera
905 1021 1032 1095 nimis.

153 1129 208 1205 llli
225 1158 304 1203 mox
320 1126 402 1216 alis,
417 1126 510 1202 velut
526 1129 689 1215 macas,
705 1154 779 1202 aera
795 1126 959 1229 pulsant,

206 1235 405 1324 Priamides,
423 1263 519 1310 verso
536 1263 677 1338 corpore
694 1234 802 1310 factus
822 1233 902 1310 aris.

156 1431 277 1522 Troia,
296 1431 354 1533 qui
372 1429 535 1533 sequitur,
551 1430 641 1506 bella
656 1431 810 1522 exhibet,
829 1432 1096 1534 Iphianassam,

205 1541 251 1613 Et
269 1540 514 1614 Centaurorum
529 1538 642 1642 pralia
660 1568 744 1615 saera
759 1539 864 1628 liber,
1220 1580 1254 1638 9⁰

157 1648 331 1750 Cycnum,
346 1677 384 1723 ac
401 1646 513 1737 Nelei,
531 1648 691 1723 mutantis
706 1648 743 1722 in
761 1648 875 1723 omnia
891 1647 1003 1739 mire,

205 1758 286 1830 Fata
303 1754 542 1858 Periclymeni;
560 1784 641 1830 mox
658 1773 736 1844 tua,
753 1773 830 1830 natc
847 1756 942 1844 Dea,

158 1864 311 1949 Funera,
331 1861 483 1938 nolentes
502 1890 600 1965 quem
617 1860 737 1937 Peleus
754 1861 906 1962 almaque
922 1879 1040 1937 mater

208 1971 407 2058 mmarant,
425 1988 544 2045 notum
561 1998 698 2046 munere
715 1966 898 2045 Lartiadae:

159 2080 244 2151 Nam
261 2077 356 2152 Paris
374 2078 513 2175 ignarus
531 2078 649 2154 sortem
665 2077 831 2180 percussit
846 2075 1045 2165 Achillem,
1226 2100 1260 2171 95

209 2187 416 2262 Obvertente
434 2187 510 2289 ipso
527 2185 655 2288 spicula
671 2201 761 2261 certa
776 2186 860 2258 Deo.

165 2380 288 2457 Pelidae
306 2381 483 2455 ambierint
498 2399 538 2455 ut
555 2378 691 2482 Ulysscs
709 2380 800 2457 mitis
816 2398 852 2455 et
867 2380 955 2479 Ajax

211 2491 334 2576 Anna,
354 2487 441 2562 liber
458 2488 576 2591 pandit
596 2489 715 2562 tertius
733 2516 752 2562 a
770 2487 908 2560 decimo.

163 2598 322 2692 Pergama
340 2597 563 2693 conllagrant;
586 2597 723 2669 Hecube
741 2593 833 2670 canis
850 2593 962 2667 induit
981 2624 1067 2685 ora,

189 2797 192 2803 .
212 2706 350 2777 Aurora
368 2703 514 2776 volucris
532 2720 674 2797 gnatus,
694 2719 732 2776 ut
750 2700 895 2787 interiit3

42 2832 45 2837 ·
163 2813 239 2911 lpse
256 2812 372 2886 relicto
389 2810 479 2885 linio
496 2809 620 2885 Scillau
636 2809 725 2905 sugit
740 2827 841 2910 atque
859 2808 1065 2909 Charybdin

213 2920 357 3006 AEncas3
377 2919 530 3018 sequitur
547 2946 631 3018 quos
649 2915 874 3018 Polyphemus
893 2943 1034 3005 amans,

165 3022 281 3098 Acidis
301 3026 486 3100 exstinctor
504 3025 628 3113 teneri,
648 3024 823 3125 dictusque
840 3053 903 3126 per
920 3024 1049 3100 herbas

212 3131 365 3204 Piscator
380 3131 492 3230 pelagi
510 3129 657 3206 Glaucus
675 3131 783 3208 adisse
799 3135 900 3207 Deos.

165 3329 268 3404 Simia
284 3329 349 3429 jam
369 3329 516 3429 Cercops
533 3328 641 3403 sactus
657 3329 847 3432 legiturque
864 3328 1011 3432 Sibylla,
1212 3356 1258 3409 105

216 3441 323 3538 lnque
341 3437 408 3510 scra
424 3436 496 3536 ripa
514 3433 605 3509 solus
622 3436 891 3523 Achaemenides,

171 3544 311 3647 Cyclopi
329 3544 470 3646 clapsus.
489 3543 692 3638 Laestrigoua
709 3543 837 3619 viderat
854 3543 955 3632 alter,

217 3656 299 3727 Mox
317 3655 447 3728 Circen.
462 3652 534 3726 Pici
553 3669 622 3725 tum
641 3652 732 3727 subit
748 3652 909 3740 historia,

166 3763 210 3834 Et
230 3762 403 3836 Diomedei
422 3791 501 3834 rium
540 3760 561 3830 ”.
582 3759 778 3861 Cythereius
795 3760 895 3834 heros

218 3869 303 3941 Cum
322 3870 451 3942 ratibus
471 3788 568 3941 venit
585 3899 593 3941 ε
608 3868 680 3942 calx
695 3867 799 3941 babet
815 3868 936 3968 lphin,
956 3865 1061 3940 babet
1212 3908 1260 3944 u·

168 3973 235 4055 Te,
258 3977 455 4066 Vertumue3
475 3977 581 4050 Deam
597 3977 744 4077 junctam
763 3974 847 4063 tibi3
868 3974 1011 4076 denique
1027 4003 1168 4073 regern,

219 4079 342 4176 Cujus,
360 4086 431 4175 uvi,
451 4084 540 4185 cepit
558 4083 724 4161 Romulus
741 4083 927 4186 imperium.
