2708 5094
143 686 207 753 352
366 728 371 741 ·
417 685 456 750 P.
490 684 670 752 OVIDll
697 685 923 756 NASONIS

139 823 243 922 Quod
261 823 411 897 Priamus
428 822 570 918 gaudere
587 851 684 897 senex
702 841 782 924 post
798 826 944 900 Hectora
959 846 1097 929 possm,

140 944 213 1014 lloc
228 939 292 1012 luit
307 968 315 1011 :
331 937 384 1012 ille
400 937 504 1033 igitur
518 956 685 1013 tantorum
701 941 825 1027 victor,
843 941 995 1032 Achille,

139 1055 290 1128 Vinceris
308 1083 326 1127 a
343 1053 461 1127 timido
481 1053 588 1127 Graiae
603 1073 735 1156 raptore
753 1057 895 1131 marite!

140 1170 187 1242 At
202 1168 231 1242 si
247 1167 390 1241 femineo
405 1165 513 1240 luerat
531 1166 593 1240 tibi
610 1169 719 1242 Marte
735 1169 938 1260 cadendum,
1154 1196 1206 1248 om

139 1281 439 1359 Thermodontiaca
454 1279 569 1356 malles
586 1283 741 1359 cecidisse
755 1285 905 1386 bipenni.

135 1478 239 1544 perdere
254 1476 281 1528 in
298 1479 420 1543 sangathe
430 1477 529 1542 plebei,
553 1474 649 1529 frustra
697 1492 749 1542 ιν,
769 1477 867 1539 13-=8;
881 1495 1043 1548 quamnquam
1050 1476 1208 1536 Latinieun

139 1552 245 1605 mittere
256 1552 340 1606 telain
349 1552 443 1605 milites
450 1552 650 1622 gregarios,qui·
689 1565 781 1624 poete
792 1555 940 1609 molliorem
956 1555 1105 1625 linxerunt,
1124 1578 1207 1628 quarn

139 1629 341 1684 businterlectis
356 1628 421 1683 nibil
440 1629 554 1683 lucratur
570 1648 649 1684 sum·
697 1632 766 1702 apud
791 1633 943 1688 Homerum
965 1645 1078 1706 apparet.
1098 1636 1204 1707 Nempe

141 1726 184 1761 ma
196 1709 263 1763 belli.
697 1713 757 1781 quia
765 1711 893 1782 elegantia
905 1713 1126 1782 ejusabheroum
1135 1716 1205 1771 reli-

173 1789 231 1858 607.
255 1789 333 1853 (laod
347 1790 465 1840 Pnirnus
480 1790 588 1855 (arbre
599 1797 648 1841 ete
697 1808 811 1858 quorum
822 1790 959 1859 asperitate
968 1790 1137 1859 abhorrebat,
1145 1813 1205 1864 pro·

140 1865 275 1920 Eventum
297 1864 337 1917 rei
361 1865 490 1917 sententia
510 1863 644 1929 declarat,
694 1882 782 1940 pterea
796 1870 828 1923 ab
841 1870 882 1925 his
895 1872 1117 1926 contemnebatur
1134 1883 1205 1927 tam-

140 1963 220 2015 quam
243 1942 317 1996 valde
341 1941 543 1996 commendabat
561 1942 645 1994 Vini·
695 1970 774 2021 quam
785 1956 926 2019 γωαιμηῇ,
936 1973 943 2013 3
955 1951 1015 2006 vide
1026 1952 1089 2006 Jmi
1101 1952 1201 2008 Em.

140 2024 212 2088 cius,
231 2039 350 2075 summus
365 2031 465 2073 amator
473 2018 580 2079 ovidii;
595 2019 647 2073 Se·
693 2047 752 2082 ,um
770 2027 802 2080 ad
818 2028 913 2082 Hom,
930 2028 1020 2083 &100
1036 2030 1100 2085 No„
1113 2050 1205 2101 pm

141 2119 223 2164 neca,
246 2096 373 2151 controv·
391 2099 430 2150 33.
450 2096 490 2150 bd
510 2097 647 2151 Priamum
693 2106 855 2160 tortitudinis
872 2107 952 2176 spirat
969 2109 1081 2178 epistota
1098 2111 1156 2178 ejus
1171 2108 1204 2163 ad

140 2173 584 2231 enimobllectoremintersectum
593 2193 648 2228 ma·
696 2185 1203 2255 Helenamffiugtegimfflmffixvl,

140 2257 240 2309 simum
255 2253 379 2324 gaudium
392 2253 477 2307 redire
491 2252 602 2307 debebat
616 2274 648 2307 ex
696 2265 861 2322 -Vincen's,
875 2262 969 2332 vulgo,
978 2272 1006 2316 et
1018 2264 1046 2317 in
1056 2276 1148 2320 nostro
1156 2266 1203 2320 lle·

141 2334 249 2389 Achillis
264 2343 357 2386 morte.
375 2361 409 2373 -
429 2335 510 2387 Senex
529 2333 647 2387 solemne
696 2340 739 2408 gio
753 2339 1200 2405 A,v1·cnses‚·nonnutti2r2cim.

139 2412 241 2467 Priami
252 2411 387 2481 epitheton
398 2411 649 2475 mterprnmsdi-
694 2417 740 2471 sed
753 2417 819 2469 male
835 2417 913 2471 :vide
930 2418 1076 2473 Heinsiuns
1093 2419 1125 2474 ad
1142 2420 1201 2474 lle-

141 2503 214 2548 xerat
225 2492 515 2553 Ennius-Gaudere,
528 2495 650 2546 uldolere
669 2490 673 2495 ’
696 2495 762 2549 roid.
775 2496 854 2561 XlV,
864 2499 1054 2568 95.-Mare'te,
1070 2498 1203 2569 quambe-

141 2581 169 2625 εἰ
180 2588 293 2631 mm·
317 2570 410 2639 pmim
425 2580 547 2638 (illirium
559 2587 649 2622 catum
696 2574 774 2627 bebat
785 2574 906 2628 maritam
921 2584 979 2644 post
995 2585 1120 2646 raptum,
1130 2586 1159 2631 ut
1169 2596 1201 2631 va.

141 2650 188 2704 sibi
203 2649 359 2718 adjunctum
377 2648 477 2710 babet;
496 2646 555 2700 vide
574 2648 649 2700 Bur·
697 2655 728 2715 5,
739 2652 999 2720 captacumcorjuge.
1011 2652 1200 2708 ldtamennou

141 2748 270 2784 mannum
288 2729 320 2782 ad
336 2730 409 2795 Vll,
431 2747 486 2799 7²⁰·
511 2727 648 2797 Copinsius
696 2727 780 2797 placet
802 2729 959 2782 Burmanno
975 2729 1022 2797 qui
1037 2749 1071 2783 ex
1084 2749 1139 2784 nnn
1150 2728 1200 2784 MS

141 2807 249 2863 Achillis
258 2826 346 2861 rasum
357 2803 650 2874 enarratQuintnsCa-
696 2806 935 2876 presertjumco,
954 2808 1015 2876 quia
1035 2807 1143 2862 Heroid.
1159 2808 1199 2874 V,

140 2885 229 2952 laber,
242 2885 300 2952 lll,
319 2885 426 2955 rpbsqq.
443 2883 483 2935 lbi
499 2880 649 2951 procumbit
699 2903 761 2951 117,
775 2893 801 2936 et
815 2883 884 2952 apud
898 2885 980 2938 lscan.
993 2885 1051 2952 lll,
1068 2885 1131 2955 ³7l»
1143 2883 1200 2939 lle-

140 2964 238 3017 montis
251 2963 349 3026 instar,
364 2979 425 3013 cum
437 2969 553 3012 tremore
566 2957 648 3010 tellu-
696 2956 754 3011 lena
770 2961 852 3012 Graia
859 2960 971 3026 juvenco
984 2970 1111 3025 vocatur3
1121 2959 1164 3015 sed
1173 2960 1201 3013 in

140 3042 189 3108 ris,
202 3057 389 3107 armorumque
398 3036 509 3106 fragore.
521 3035 553 3089 ln
566 3035 648 3089 talum
696 3046 808 3104 utroque
818 3036 862 3089 illo
871 3035 927 3090 loen
936 3035 1203 3108 allegoriesemnda

141 3139 204 3173 enm
217 3138 271 3173 esse
283 3118 450 3170 vulneratum
466 3113 536 3166 idem
552 3113 648 3181 Quin·
695 3132 771 3167 causa
782 3114 922 3168 commode
935 3115 970 3168 ita
981 3115 1081 3169 dicitur
1091 3114 1202 3189 quachl.

141 3208 183 3249 tus
199 3195 256 3249 Cal.
271 3204 401 3247 memorat
417 3212 423 3245 ε
438 3210 533 3260 nempe
548 3192 568 3244 is
580 3192 648 3244 solus
696 3191 766 3244 nulla
778 3194 1202 3262 cst-Thermodontrlrcabr'pener'.

142 3271 309 3325 vulnerabilis
326 3270 404 3324 luisse
426 3289 441 3322 a
460 3269 648 3323 recentioribus
697 3268 890 3322 Penthesileam
898 3269 1029 3345 intelligit,
1037 3271 1202 3325 fortissimam

143 3346 290 3401 auctoribus
304 3344 467 3414 lingebatur,
482 3363 564 3413 quum
582 3343 649 3396 reli·
698 3345 862 3398 Amazonum
875 3385 883 3411 ,
900 3346 932 3398 ad
951 3348 1136 3400 Thermodonta
1148 3346 1203 3401 flu·

143 3441 226 3492 quum
249 3441 363 3492 corpus,
387 3422 414 3474 in
433 3422 512 3494 Styge
530 3441 544 3474 a
564 3432 648 3474 matre
696 3423 767 3474 vium
780 3422 970 3489 habitantium,
987 3424 1128 3494 reginam,
1148 3438 1203 3492 qu·

142 3503 268 3566 tinctum,
279 3500 598 3570 nuttisarmistediponer.
607 3500 648 3553 De
696 3497 819 3566 Troianis
833 3501 958 3553 auxilium
972 3501 1070 3555 tulerat
1085 3501 1204 3554 adsersus

142 3599 195 3649 quo
208 3588 360 3633 coratmento
372 3579 503 3632 verissime
518 3581 651 3631 Ilonsseau
696 3575 808 3631 Grecos.
819 3578 856 3647 Q
874 3578 1000 3645 Calaber,
1016 3579 1046 3643 1;
1066 3578 1203 3650 Virgilius,

144 3659 285 3724 (Pense'es)
299 3656 414 3724 :ostam
423 3655 533 3708 d'armer
547 3656 651 3708 Achille
698 3653 761 3708 AEn.
773 3656 800 3721 l,
815 3658 879 3728 4903
899 3657 1035 3723 lustinus,
1049 3658 1094 3722 ll,
1108 3673 1155 3723 tv,
1166 3656 1204 3707 31.

143 3746 227 3791 contre
235 3739 259 3787 Ie
264 3739 344 3804 peril,
357 3740 383 3788 le
388 3739 463 3801 poete
470 3738 510 3787 lne'
516 3741 556 3789 dte
565 3739 589 3786 le
598 3739 649 3787 me·
696 3733 865 3801 Br'permjerae
884 3736 1024 3788 Amazonis
1039 3734 1141 3807 effigies
1157 3752 1204 3787 ex·

142 3818 190 3867 trie
195 3817 226 3867 de
232 3818 260 3866 la
266 3817 360 3866 witer.
370 3814 436 3866 Tou!
441 3817 651 3879 antredsaplace
697 3823 827 3880 pressaest
834 3811 902 3881 apud
912 3811 1046 3866 Drakenb.
1055 3811 1088 3865 ad
1097 3812 1203 3877 Siliam,

141 3897 184 3945 edi
194 3895 234 3944 ild
244 3911 277 3944 un
289 3892 392 3944 Achille
403 3910 437 3942 au
448 3889 526 3943 meme
532 3896 599 3958 pris.
698 3889 742 3953 ll,
757 3910 796 3960 77.
808 3890 865 3958 lpsa
880 3889 1046 3943 Penthesilea
1059 3890 1088 3942 in
1098 3888 1205 3960 gemmis

175 3968 231 4024 608.
243 3973 292 4023 Ille
303 3974 380 4038 r‘gr'tnr
388 3979 513 4023 tantorum
525 3978 572 4021 etc.
585 3968 651 4038 Epi·
697 3968 813 4036 pluribus
836 3970 1001 4039 conspicitur.
1025 3970 1115 4023 Etiam
1139 3966 1206 4040 apud

143 4047 274 4116 phonema
297 4046 475 4118 preclarum,
502 4046 543 4098 cui
566 4046 649 4098 simile
698 4045 832 4114 Quintum
854 4046 1206 4116 Calabr.l,157,l'ertslp·

142 4125 205 4177 illud
222 4125 255 4178 de
274 4126 381 4178 Priamo
403 4123 472 4194 apud
491 4124 648 4192 Virgilium,
698 4133 791 4192 picum
804 4132 929 4192 ,erosit-pn·
937 4125 1017 4178 sedin
1025 4125 1205 4194 tabula,quam

143 4202 249 4256 AEneid.
261 4203 304 4269 ll,
319 4206 368 4270 554
380 4221 435 4271 sqq.
450 4201 558 4255 initium
571 4203 649 4272 spirat
697 4202 852 4264 Pausanias,
867 4203 946 4255 Phoe.
958 4222 982 4271 p.
994 4206 1058 4273 875,
1070 4203 1203 4269 describit,

141 4296 247 4331 uncum
256 4278 426 4345 Graecorum,
439 4278 471 4331 de
483 4279 604 4347 quoaide
617 4277 649 4330 ad
697 4298 787 4333 arcum
809 4280 918 4333 habebat
938 4281 1066 4352 Scythicis
1088 4282 1204 4334 similem.

143 4355 200 4419 lX,
215 4375 237 4422 7.
253 4358 366 4426 ignavie
377 4369 404 4411 et
415 4357 533 4410 mollitiei
547 4357 651 4410 Paridis
696 4358 802 4411 Fortior
812 4358 906 4411 Paride
919 4360 945 4410 in
959 4359 1052 4411 cadem
1066 4359 1153 4412 tabula
1165 4376 1204 4427 ap·

140 4431 270 4500 picturam
280 4433 357 4488 babes
367 4436 437 4506 apud
450 4435 581 4503 Horati,
596 4433 650 4490 od.
697 4436 820 4504 parebat,
832 4436 906 4489 vultu
919 4437 990 4490 enim
1002 4436 1165 4499 declarabat,
1177 4452 1202 4487 se
