2760 4710
287 340 832 414 METAMORPHOSEON
862 346 960 415 LIB'.
991 348 1075 418 XV.
1154 351 1221 436 543

150 477 318 568 Dissidet,
338 497 371 554 et
386 482 489 555 variat
508 483 672 557 sententia
686 511 694 555 t
709 511 852 585 parsque
866 485 1055 585 negandum

150 599 229 671 Non
245 613 342 697 putat
359 597 518 672 auxilium
536 628 543 672 :
560 598 657 673 multi
677 627 832 688 renuere,
852 624 1012 703 suamque
1080 617 1082 622 ’

150 718 230 790 Non
249 715 397 789 emittere
417 744 534 816 opem,
548 745 609 790 nec
624 717 762 790 numina
780 715 906 790 tradere
925 717 1073 794 suadent.
1173 744 1225 798 65·

152 836 242 907 Dum
261 832 437 921 dubitant,
457 861 562 909 seram
577 831 735 935 pepulere
753 831 948 935 crepuscula
965 833 1093 927 lucem,

151 949 346 1050 Umbraque
363 948 490 1024 telluris
509 951 662 1026 tenebras
678 949 852 1024 induxerat
867 951 943 1025 orbi
959 981 967 1024 ε

152 1068 268 1164 Quum
283 1066 375 1142 Deus
392 1068 427 1141 in
445 1069 570 1144 somnis
588 1068 696 1169 opifer
709 1068 889 1143 consistere
906 1069 998 1144 visus

152 1183 241 1256 Ante
259 1198 375 1268 tuum,
394 1184 565 1270 Romane,
583 1200 695 1256 torum
712 1183 793 1257 :sed
811 1182 918 1283 qualis
934 1182 970 1258 in
986 1183 1053 1258 aede

153 1298 236 1373 Esse
252 1297 358 1386 solet,
376 1297 599 1401 baculumque
615 1306 732 1374 tenens
750 1318 878 1394 agreste
895 1300 1030 1375 sinistra
1174 1323 1226 1377 655

154 1413 328 1488 Caesariem
344 1412 453 1511 longa
469 1415 584 1491 dextra
600 1414 762 1491 deducere
778 1415 916 1504 barbae,
1163 1426 1166 1433 '

153 1531 199 1603 Et
215 1528 347 1631 placido
365 1530 446 1606 tales
461 1531 609 1607 emittere
626 1549 762 1632 pectore
778 1560 896 1607 voces:

157 1678 175 1711 «
195 1647 288 1721 Pone
304 1665 433 1735 metus;
451 1647 598 1737 veniam3
613 1646 856 1750 simulacraque
870 1664 985 1721 nostra
1000 1645 1202 1748 relinquam:

157 1795 175 1825 »
197 1763 296 1857 Hunc
312 1763 413 1839 modo
432 1783 637 1867 serpentem,
653 1763 812 1839 baculum
833 1764 892 1866 qui
907 1763 1050 1838 nexibus
1067 1765 1192 1853 ambit,

155 1929 211 1998 ⁴9¹·
227 1928 311 1980 Sortes
326 1928 414 1981 dr'currt
432 1939 460 1984 et
475 1928 535 1983 alibi
553 1929 665 2000 legitur,
715 1939 841 1991 noctem,
854 1925 896 1982 cni
905 1927 1039 1981 similises.
1049 1928 1124 1983 663⁵.
1132 1929 1229 1999 Neque

154 2016 281 2058 monente
292 2005 411 2059 Heinsio.
423 2007 486 2062 Non
498 2018 587 2061 tamen
599 2008 666 2062 Bur·
714 2004 807 2075 frigide
820 2005 1073 2074 noctem'erpressit
1089 2005 1129 2058 Ea
1141 2011 1229 2061 umbra

155 2103 269 2137 mannus
281 2088 382 2153 spernit
393 2087 533 2141 lectionem
547 2085 664 2141 nonnul·
712 2085 808 2155 possim
821 2083 872 2138 dici
884 2085 950 2138 solet
960 2106 967 2148 ς
976 2083 1086 2154 AEneid.
1096 2085 1153 2153 lll,
1164 2087 1228 2160 589,

155 2162 242 2215 lorum
256 2162 329 2216 MSS
339 2175 437 2229 ,certas
444 2168 664 2231 oddr'ceresortes3
714 2166 909 2232 Humentempue
928 2163 1031 2216 Aurora
1041 2167 1103 2229 polo
1119 2166 1230 2218 detum-

156 2258 218 2293 nam
227 2242 344 2295 addicere
354 2242 466 2297 verbum
476 2243 505 2296 in
512 2243 561 2297 bac
569 2263 597 2297 re
606 2263 667 2313 pro-
713 2255 756 2299 rat
765 2249 886 2298 umbram.
900 2243 974 2297 Tum
985 2247 1102 2298 iuducere
1113 2249 1230 2299 tenebras

156 2316 475 2390 prium-Regmosterd
484 2322 670 2377 babetccrteaet
713 2331 786 2381 rebus
798 2324 867 2397 apud
880 2325 965 2395 ipsum
978 2324 1106 2379 Nostrum
1122 2324 1228 2396 legitur,

154 2402 386 2464 addisceresoreem
399 2399 480 2475 codex
491 2401 514 2454 B
527 2406 669 2456 auertite
715 2405 762 2471 li,
776 2405 833 2477 395.

155 2480 329 2532 diceresortes.
340 2477 461 2532 Verbum
471 2487 581 2540 certant,
593 2477 620 2531 id
630 2488 669 2534 est
746 2483 805 2536 555.
816 2483 943 2534 naculum
950 2489 1064 2549 amate:
1074 2479 1133 2535 vide
1144 2480 1176 2534 ad
1185 2482 1229 2549 11,

57 2583 63 2597 ι
155 2554 335 2622 contendunt,
347 2554 453 2626 plurimi
461 2554 668 2610 exhibent21ec-
716 2562 773 2616 tm.
795 2561 923 2614 Bacillum
945 2560 1056 2613 babebat
1074 2559 1229 2628 nodosum,

157 2632 257 2687 tionem
263 2643 361 2688 certant
365 2637 483 2689 addr’cere
489 2634 669 2689 defenderunt
717 2641 787 2710 qnod
798 2639 982 2693 difficultatem
992 2639 1053 2692 artis
1061 2637 1230 2709 significabat.

157 2711 275 2779 Rapbael
289 2712 404 2783 Regius,
427 2711 558 2769 Ciolanus
575 2714 669 2768 Hein-
716 2747 749 2758 -
763 2721 883 2770 &series
903 2720 1001 2780 barbe,
1020 2715 1108 2768 barba.
1128 2715 1230 2771 Minut.

156 2788 260 2859 eiusque
270 2810 278 2854 ;
289 2810 401 2862 eamque
418 2812 509 2847 veram
527 2803 619 2862 putare
631 2792 670 2848 sas
717 2795 805 2859 Felix,
816 2815 830 2840 n
841 2792 1004 2861 AEsculapius
1014 2793 1081 2846 bene
1089 2793 1211 2845 barbatus
1222 2831 1230 2859 ,
1316 2851 1324 2872 l

159 2875 293 2935 est,quum
300 2867 328 2920 in
335 2870 471 2938 permultis
478 2872 634 2941 reperiatur,
642 2880 671 2924 et
718 2893 733 2917 a»
746 2872 793 2924 etsi
805 2889 910 2939 semper
922 2869 1094 2923 adolescentis
1102 2869 1231 2939 Apollinis

158 2945 280 2998 nonnulli
290 2951 670 3007 saniumcerrashabeancssn
720 2972 734 2997 ν
748 2949 824 3002 filius·
837 2971 850 2994 ν
864 2947 1003 3001 Interdum
1021 2958 1111 3001 tamen
1129 2957 1156 3001 el
1173 2947 1231 3001 lm·

190 3023 247 3089 648.
264 3025 383 3080 Dr'ssr'det
396 3034 539 3096 sententie,¹
559 3031 620 3084 vide
636 3029 670 3083 ad
717 3026 804 3080 berbis
822 3025 1011 3091 exhibebatur;
1034 3026 1179 3096 Spanbern.
1197 3026 1231 3079 de

159 3120 225 3153 vers.
242 3121 281 3171 27.
292 3129 326 3142 -
336 3104 388 3158 Pro
399 3113 509 3161 emittere
519 3126 590 3176 opem
600 3109 671 3161 Bur-
719 3107 777 3160 Usu
790 3115 817 3158 et
832 3105 920 3158 Praest.
934 3123 1008 3158 num.
1019 3123 1044 3174 p.
1053 3107 1113 3158 'adu
1129 3105 1165 3158 Et
1177 3123 1233 3157 om·

160 3180 672 3254 manuusmalitamr'tlereopemexOxo-
718 3187 784 3239 nino
797 3183 868 3237 varie
885 3182 1042 3252 fingebatur.
1060 3181 1232 3251 Epidauriam

160 3257 245 3312 niensi
257 3298 265 3326 ,
282 3271 376 3329 quarto
388 3260 531 3329 Mediceo,
545 3264 671 3329 bronde-
719 3263 776 3331 ejus
788 3261 932 3331 imaginem
940 3259 1064 3315 describit
1073 3257 1232 3324 Pausanias,

161 3338 374 3410 lianoetseptem
382 3339 453 3406 aliis,
466 3339 527 3408 quia
535 3347 672 3395 monensi!-
720 3340 765 3404 ll,
778 3360 817 3408 ²7·
829 3338 862 3391 lu
874 3337 939 3392 solio
951 3339 1046 3392 sedens
1059 3338 1139 3389 altera
1150 3353 1233 3387 maun

159 3425 211 3472 tere
221 3419 347 3487 seqnitur.
355 3417 532 3471 -Aurbobus
542 3418 571 3470 iu
583 3418 672 3487 Regiis
719 3415 840 3469 baculum
860 3417 986 3482 tenebat,
1006 3416 1087 3467 altera
1105 3413 1234 3481 serpentis

160 3508 199 3551 est
210 3499 435 3550 emittere-Sera
445 3499 505 3559 Ine,
520 3496 611 3550 ultima
620 3494 674 3549 diei
719 3506 796 3563 eaput
808 3497 962 3564 premebat,
974 3511 1039 3546 cane
1053 3492 1085 3544 ad
1101 3492 1180 3560 pedes
1193 3493 1235 3560 ia-

161 3593 227 3642 pars.
242 3573 331 3626 Etiam
342 3593 448 3628 versum
460 3584 617 3642 sequentem
628 3573 674 3643 in·
720 3571 1078 3627 cente.Barbamsecuudum
1085 3572 1233 3637 Albricnm,

162 3650 380 3720 gulatHeinsius,
393 3664 471 3722 atque
479 3650 621 3722 frigiditate
627 3668 674 3705 sua
722 3652 754 3706 de
763 3652 884 3707 Deorum
895 3654 993 3720 lmagg.
1003 3671 1051 3717 ao,
1063 3651 1154 3707 dextra
1166 3661 1235 3705 eeuc-

163 3729 261 3783 Ovidio
279 3729 419 3800 indignum
436 3730 599 3801 pronuntiat
618 3728 673 3782 Sed
721 3736 783 3797 δαίς
800 3734 845 3788 sed
860 3734 958 3789 Noster
969 3731 1063 3784 maluit
1076 3734 1178 3783 barbaro
1192 3734 1235 3783 de·

162 3811 249 3864 abesse
265 3831 320 3864 non
333 3822 417 3881 potest
431 3832 438 3875 3
456 3808 674 3880 quandoquidem
697 3858 700 3865 .
721 3813 810 3863 ducere
821 3831 897 3863 manu
907 3827 969 3878 pro,
980 3826 1091 3861 uranum
1103 3805 1234 3861 deducere

161 3888 283 3942 homines
300 3892 444 3957 crepusculi
458 3900 579 3958 tempore
598 3905 674 3940 non·
720 3889 749 3941 in
762 3887 841 3941 barba
851 3885 1098 3956 adprehensale,
1111 3887 1175 3952 311,
1189 3889 1236 3940 de·

162 3965 227 4020 dum
241 3967 385 4020 dorminut.
405 3966 517 4020 Ovidius
533 3965 583 4019 tria
599 3976 675 4019 um·
722 3968 811 4019 ducere
819 3973 920 4033 pectine
929 3968 1019 4017 cubes.

162 4064 264 4113 porase
277 4045 432 4115 excipientis
446 4043 561 4098 indicare
574 4044 674 4112 voluit,
756 4046 814 4118 5592
838 4047 943 4112 Σαφειν
966 4043 1042 4095 datus
1064 4042 1234 4114 AEsculapio,

161 4141 248 4177 saram
269 4123 356 4178 iucem
372 4163 380 4189 ,
399 4121 569 4194 crepuscula,
592 4121 675 4191 ipsam
724 4121 795 4190 quod
812 4118 1038 4192 uigilantissimum
1060 4131 1099 4177 est
1118 4120 1233 4184 animal,
