2760 4710
154 403 218 467 358

431 399 471 464 P.
502 398 681 465 OVlDll
704 395 935 464 NASONIS

152 539 204 611 Sit
219 536 294 610 licet
309 537 375 609 hoe
392 536 529 632 ingens,
548 535 711 637 quidquid
725 534 868 636 speravit
882 532 1011 610 Ulixes.

153 659 219 728 lste
238 653 313 728 tulit
331 655 471 754 pretium
485 653 550 751 jam
567 681 655 726 nunc
673 651 858 726 certaminis
874 650 997 749 hujus,

155 771 235 866 Quo
254 797 356 870 quum
372 770 478 842 rictus
494 770 573 857 ecit,
591 798 718 842 mecum
737 786 877 842 certasse
892 767 1027 842 feretur.
1182 800 1209 839 u

154 886 266 985 Atque
281 914 362 979 ego,
382 885 410 957 si
427 883 531 957 virtus
551 884 585 955 in
600 913 651 958 me
669 884 865 958 dubitabilis
882 901 983 972 esset,

153 999 336 1074 Nobilitate
355 1017 475 1101 potens
493 1027 616 1088 essem,
632 998 808 1073 Telamone
825 1016 971 1085 creatus,

155 1119 279 1192 Moeuia
299 1119 355 1219 qui
374 1118 453 1191 forti
470 1118 612 1216 Trojana
630 1118 693 1192 sub
710 1116 852 1192 Hercule
870 1116 976 1218 cepit,

154 1232 333 1332 Litoraque
351 1231 482 1305 intravit
501 1233 651 1328 Pagasas
667 1232 789 1307 Colcha
808 1231 923 1306 (arina.

156 1349 277 1422 AEaeus
293 1348 370 1421 huic
387 1366 479 1449 pater
495 1368 563 1437 est,
581 1350 639 1451 qui
653 1351 723 1449 jura
742 1349 915 1424 silentibus
932 1343 1002 1419 illic
1183 1364 1211 1418 st

155 1462 297 1550 Reddit,
318 1463 376 1536 uhi
392 1462 546 1537 AEolideu
561 1491 676 1537 sarum
690 1492 787 1560 grave
803 1461 971 1563 Sisyphon
989 1476 1099 1555 urget

154 1641 227 1695 facile
240 1643 342 1695 sentiet.
358 1645 414 1694 Nou
426 1651 467 1696 es!
476 1647 505 1694 ei
513 1648 656 1709 superbum,

156 1740 210 1773 uon
221 1720 311 1782 habet,
323 1739 370 1772 cur
378 1721 520 1788 superbiat:
529 1722 587 1773 vide
597 1723 662 1775 Bur·

157 1817 246 1850 mauu.
256 1794 286 1850 ad
298 1798 404 1850 Petrou.
417 1817 471 1865 cap.
487 1798 556 1850 m-
563 1801 663 1851 Tenuit·

155 1893 195 1932 sc,
211 1872 358 1926 obtinuisse.
369 1902 402 1915 -
411 1879 479 1941 Quo.
497 1875 591 1929 seilicet
605 1896 664 1928 cer-

158 1952 264 2005 tamine.
283 1953 396 2006 Antlslh.
411 1975 435 2024 p.
450 1958 498 2021 542
513 1959 522 2009 ὁ
535 1960 627 2022 scirpos
641 1960 663 2010 tii

158 2034 217 2101 λόγῳ
224 2039 322 2105 κρίνεται
331 2070 337 2094 ,
352 2030 401 2083 ttt'
410 2039 472 2107 ἲῃῳ.
481 2032 568 2102 Vulgo
581 2034 626 2103 (et
636 2032 662 2084 ln

158 2107 247 2175 Regiis
262 2109 356 2160 nostris
372 2107 383 2177 )
403 2113 479 2176 Quod
492 2130 566 2179 quum
583 2115 665 2163 viem

155 2189 216 2243 erit:
230 2184 304 2237 multi
320 2190 374 2251 Qui
383 2205 473 2255 purime
487 2188 531 2241 sed
544 2208 592 2257 qno
603 2187 664 2256 pla-

157 2262 211 2315 cuit
219 2263 342 2328 Heinsio,
354 2264 513 2337 Florentini,
523 2267 665 2336 Berneger.

157 2340 290 2396 Borborn.
303 2343 422 2396 codicum
437 2345 599 2397 auctoritate.

176 2482 179 2491 Ι
193 2421 283 2473 21-33.
292 2423 373 2489 Atque
379 2441 425 2489 eyo
435 2433 482 2475 etc.
496 2420 662 2474 Nobilitatem

158 2502 260 2570 generis
279 2503 356 2572 jactat
376 2513 402 2555 et
423 2503 481 2571 jure
500 2500 664 2554 bcereditario

157 2581 265 2645 nititur,
281 2592 421 2646 utrumque
436 2582 462 2632 in
476 2581 663 2633 contumeliam

159 2661 265 2731 Ulyssis
277 2661 368 2714 Verbo
379 2673 481 2714 tautum
495 2662 548 2714 haec
560 2662 663 2728 attingit

158 2736 277 2805 Quintus
287 2737 404 2790 Calaber.
415 2739 522 2791 att-36.
532 2739 663 2805 Atquein-

157 2815 234 2866 servit
243 2815 437 2868 transitionibus
446 2835 452 2876 ;
460 2815 519 2867 vide
528 2815 662 2870 Clav.Cic.

157 2893 331 2944 -Nobilitate
344 2903 446 2958 potens,
462 2893 574 2946 nobilis:
588 2894 662 2947 addi-

159 2976 201 3017 tur
212 2966 283 3018 enim
291 2979 381 3034 potens
394 2970 515 3024 omnibus
528 2971 558 3023 iis
568 2972 661 3036 rebus,

157 3061 214 3110 quse
227 3043 313 3095 valent
327 3045 422 3115 aliquid
438 3049 507 3101 inter
523 3048 660 3112 homines,

158 3122 250 3189 quibus
267 3123 379 3177 multum
397 3125 528 3180 efficitur:
545 3127 662 3193 hincpo-

154 3207 210 3250 lens
222 3205 384 3254 auctoritate.
399 3203 506 3269 favore.
520 3209 600 3270 copiis
612 3212 660 3256 etc.

156 3276 198 3329 De
211 3276 343 3331 nobitiute
357 3278 523 3333 AEacidarum
535 3280 593 3333 vide
607 3281 661 3333 lso·

155 3366 264 3427 cratem,
275 3355 353 3425 Evag.
362 3377 418 3427 pag.
428 3360 485 3424 452,
493 3359 585 3419 Wolf.
596 3357 659 3411 min.

156 3435 256 3488 Eorum
265 3446 319 3488 acta
327 3435 400 3490 suere
409 3438 577 3508 parsillustris
585 3438 660 3491 histo·

154 3514 199 3567 riae
211 3514 324 3584 antiqua
334 3537 341 3576 ;
352 3516 444 3569 llorst.
458 3516 517 3582 lll,
531 3516 584 3570 Od.
598 3531 659 3581 xtx,

153 3590 342 3647 init—Mania
349 3599 404 3663 qui.
415 3599 524 3662 ..ἁφῆς
537 3594 595 3647 vide
606 3593 659 3660 Xl,

154 3670 210 3721 213.
220 3699 253 3712 -·
264 3675 458 3725 intromittam
474 3691 539 3741 pro,
554 3671 660 3724 intrarit

153 3757 249 3813 portus.
258 3779 291 3791 -
299 3752 422 3817 Papasaea
433 3756 520 3803 carrha
534 3750 620 3816 (male
631 3750 659 3802 iu

153 3821 241 3891 Regiis
262 3829 357 3881 nostris
380 3828 474 3899 legitur
497 3830 658 3895 Pegaseo),

150 3896 271 3959 fabricata
281 3907 329 3959 sub
341 3908 455 3978 Pegaso,
476 3907 659 3976 promontorio

151 3985 177 4026 et
188 3980 284 4045 oppido
296 3984 443 4040 Thessaliae.
456 3987 505 4038 Ed.

183 4057 222 4108 25.
235 4058 343 4112 AEacss.
354 4101 359 4111 .
370 4102 376 4114 .
387 4067 497 4131 quijura
508 4076 556 4120 etc.
569 4064 659 4119 Pleri-

710 1641 809 1712 judices
822 1638 962 1693 infernales
976 1648 1144 1709 agnoscunt,
1159 1636 1213 1691 Mi·

712 1739 762 1772 noa
776 1730 800 1772 et
813 1715 1056 1771 Rhadamanthum,
1068 1715 1164 1769 AEacus
1174 1732 1213 1784 po·

712 1797 762 1850 tius
769 1795 887 1848 Plutonis
893 1790 1213 1863 clavigcrl'erebaturaside

713 1874 736 1926 F
736 1872 826 1926 ischer.
832 1872 863 1925 ad
873 1871 1027 1925 AEschinem
1036 1869 1171 1924 Axiochs
1178 1886 1214 1941 ¹⁹³

711 1951 755 2007 sed
768 1970 821 2004 non
832 1952 930 2004 uticum
939 1990 946 2016 ,
955 1951 976 2002 si
988 1951 1058 2017 Aiax
1069 1948 1214 2020 gloriamil·

712 2029 757 2082 lud
778 2030 876 2082 maluit.
905 2028 972 2082 Vide
989 2029 1106 2083 omuino
1126 2026 1213 2100 lleyuii

714 2109 774 2162 Eae.
784 2110 823 2163 xl
833 2109 864 2162 ad
875 2110 948 2180 Virg.
956 2109 1067 2163 AEneid.
1076 2110 1215 2163 vtetur·

711 2190 843 2238 silentibus
854 2191 909 2240 iilic
920 2189 1034 2249 Reddat
1053 2186 1133 2240 multi
1146 2188 1215 2238 setes·

711 2267 778 2316 ttius
788 2256 897 2320 umbris:
906 2263 952 2318 sed
963 2265 1140 2318 Burmannus
1147 2264 1215 2317 duest

711 2346 813 2396 silentes
830 2343 944 2396 absolute
958 2342 1101 2396 interdum
1116 2341 1165 2397 dici
1180 2341 1214 2395 si·

712 2420 795 2473 lentes
806 2421 910 2473 umbras
923 2427 932 2487 (
944 2420 1020 2488 Regii
1031 2419 1137 2474 codices
1145 2423 1216 2473 sila·

712 2499 877 2562 iae'bust'llic);
893 2508 920 2550 et
936 2518 999 2567 pro,
1018 2497 1091 2565 apud
1111 2497 1214 2561 inlesos,

711 2576 771 2628 satis
783 2577 891 2641 acerbe,
904 2580 973 2633 i'llr'c.
987 2577 1167 2647 ubiSisypkos
1176 2595 1214 2629 ss·

711 2651 1214 2723 tumgrareurgct.Sisyphusenimlatre

712 2732 859 2786 Anticleom
869 2772 876 2797 ,
888 2732 987 2804 Ulyssis
997 2743 1131 2797 matrem,
1141 2748 1214 2801 quum

711 2811 743 2863 ad
755 2811 876 2862 Laertem
888 2810 1042 2872 duceretur,
1053 2808 1212 2879 compressit,

711 2907 741 2939 ex
750 2885 1063 2958 quoconeubituUlysses
1075 2899 1166 2940 uatus:
1174 2884 1214 2937 ds·

710 2967 767 3036 ples
784 2967 863 3036 igitur
880 2967 947 3019 inest
962 2967 1123 3020 convicium.
1144 2963 1213 3037 Aput

711 3045 882 3115 Euripidem,
898 3045 953 3114 lph.
966 3045 1026 3098 Aut.
1036 3048 1102 3111 524,
1116 3046 1214 3115 Ulysses

709 3124 804 3177 dicitur
816 3131 931 3197 Etedfcm
943 3129 1048 3201 stippa,
1063 3125 1137 3195 quod
1148 3124 1214 3181 fluite

708 3202 814 3256 fortasse
829 3203 889 3256 inde
899 3244 907 3268 ,
919 3205 979 3273 quia
991 3205 1102 3276 Ulysses
1113 3203 1214 3272 ingenio

708 3282 817 3335 similior
834 3281 967 3353 Sisypho,
984 3301 1065 3350 quam
1081 3281 1215 3335 Laerti-

712 3365 801 3431 Uryet.
817 3363 926 3432 premit,
940 3361 1064 3429 degravat
1076 3384 1083 3424 ;
1098 3382 1161 3415 uam
1171 3380 1214 3415 se·

708 3443 825 3496 cundum
836 3442 1021 3511 Propertium,
1037 3441 1080 3508 ll,
1095 3458 1143 3495 xvt
1152 3482 1160 3507 ,
1169 3441 1212 3505 30,

708 3534 734 3575 et
747 3523 823 3588 alios,
835 3520 961 3593 Sisyphus
973 3540 1064 3574 sarum
1076 3520 1214 3574 cervicibus

706 3601 858 3669 impositum
870 3599 939 3669 apud
952 3598 1050 3652 inferos
1062 3609 1154 3669 gestat
1166 3595 1213 3652 Sed

709 3697 790 3746 quum
806 3676 868 3729 illud
885 3678 963 3730 etiam
979 3677 1084 3730 volvere
1100 3677 1211 3739 dicatur,

707 3775 780 3823 teque
793 3755 860 3807 bene
875 3776 901 3807 se
918 3755 996 3807 habet
1015 3753 1133 3807 duorum
1145 3751 1211 3808 MSS

707 3832 791 3886 Stroz.
799 3845 824 3884 et
834 3833 941 3885 Barber.
950 3831 1036 3896 lectio,
1045 3834 1212 3897 AEoli'dcss.e·

707 3910 826 3979 Sisyphus
840 3920 921 3974 urget,
937 3918 966 3960 ut
979 3907 1035 3971 lV,
1051 3908 1118 3979 499,
1136 3929 1149 3952 s
1163 3906 1213 3959 Aut

709 4010 722 4033 ν
736 3988 817 4057 petis,
832 3997 877 4039 aut
890 4006 966 4057 urges
979 3987 1115 4040 ruiturum
1126 4026 1134 4052 ,
1145 3986 1211 4056 sisy-

707 4086 721 4112 »
735 4063 785 4134 phe
795 4105 802 4132 ,
811 4084 916 4128 ssrum;
929 4088 941 4110 u
952 4064 1011 4117 vide
1020 4065 1211 4118 Burmannnm

150 4151 201 4203 que
217 4141 306 4189 temen
326 4148 426 4193 veteres
449 4163 505 4198 uon
524 4144 573 4198 nisi
594 4142 659 4197 duos
704 4142 826 4214 -Regii
842 4141 943 4196 codices
962 4141 1026 4195 nibil
1042 4153 1174 4197 mutant:
1189 4149 1214 4192 et
