2760 4710
279 355 796 426 METAMORPHOSEON
823 358 919 423 LIB.
948 357 1068 424 XIII.
1143 357 1207 451 377

152 500 256 601 Cujus
272 526 377 599 equos
392 498 534 599 pretium
549 526 612 596 pro
629 514 725 570 nocte
742 512 939 595 poposcerat
952 495 1080 584 bostis,

149 618 252 697 Arma
268 632 385 711 negate
402 615 483 688 mibi
496 645 504 702 ;
519 614 683 713 fueritque
698 613 875 707 benignior
889 614 987 710 Ajarl

152 732 246 829 Quid
264 734 356 833 Lycii
372 732 507 805 reseram
525 730 724 830 Sarpedonis
742 728 870 822 agmina
885 727 973 801 scrro

151 847 329 921 llevastata
344 848 443 919 meo?
460 874 534 918 cum
550 843 655 947 multo
673 845 831 939 sanguine
844 844 915 916 ludi

153 963 321 1037 Coeranon
341 961 566 1064 Hippasiden‚
583 960 819 1060 Alastoraque,
839 959 1118 1059 Chromiumque,

154 1075 444 1177 Alcandmmque,
464 1075 683 1176 Haliumque,
700 1079 955 1175 Noemonaque,
973 1073 1214 1175 Prytaninque,

153 1194 333 1292 Exitioque
349 1192 425 1265 dedi
442 1221 517 1267 cum
534 1190 801 1264 Chersidamante
817 1189 979 1276 Thoona,

153 1308 200 1382 Ht
217 1307 414 1406 Charopen,
433 1305 574 1405 latisque
587 1304 773 1377 immitibus
786 1307 966 1376 Ennomon
983 1320 1109 1391 actum;
1168 1323 1216 1375 260

155 1422 291 1522 Quique
308 1421 417 1494 minus
433 1418 576 1494 celebres
592 1436 706 1492 nostra
723 1418 785 1491 sub
803 1419 968 1493 moenibns
985 1418 1078 1491 urbis

155 1536 368 1611 Procubuere
384 1563 483 1608 manu
498 1564 506 1608 ε
521 1552 599 1607 sunt
615 1551 649 1608 et
664 1533 745 1607 mihi
762 1533 917 1622 vulnera,
935 1535 1041 1622 cives,

155 1652 237 1754 Ipso
252 1649 391 1751 pulcbra
408 1649 483 1722 loco
501 1679 508 1722 :
523 1676 583 1721 nec
600 1646 692 1721 vanis
710 1647 830 1722 credite
846 1648 978 1722 verbis:

1165 748 1214 799 255

157 1847 319 1902 Romanum.
336 1846 378 1899 De
392 1846 479 1899 reditu
491 1845 590 1919 Ulyssis
601 1865 662 1900 cum
710 1844 864 1916 promiserat
879 1867 960 1917 equos
973 1846 1120 1901 Achiuis-
1128 1845 1218 1899 Codex

157 1944 238 1980 curru
248 1924 307 1978 vide
319 1925 349 1979 tt.
360 1935 399 1989 K,
412 1927 458 1996 497
471 1944 526 1993 sqq.
712 1928 777 1997 Heg.
787 1926 862 1980 eldat
864 1930 992 1996 silentque
998 1927 1219 1995 benrpm'ordjm

168 2022 171 2028 ·
191 2002 249 2055 253.
263 2003 368 2064 Hostis,
383 2002 487 2065 Dolon,
502 2020 584 2070 quum
600 2021 665 2072 spe-
711 2004 793 2058 codex
806 2004 829 2057 B
846 2007 975 2074 tuleritqne
992 2007 1121 2073 benignior
1136 2006 1219 2071 Δία.

158 2077 259 2132 culator
265 2079 423 2144 mitteretur,
429 2099 476 2146 pro
482 2089 562 2141 nocte,
571 2099 619 2151 pro
625 2100 665 2133 er·
712 2083 774 2136 Non
785 2083 885 2150 ingrata
895 2093 933 2135 est
942 2083 1092 2136 emendatio
1100 2083 1200 2135 Mureti
1211 2103 1218 2142 ς

159 2155 304 2226 ploratione
313 2156 354 2210 illa
360 2167 573 2225 nocturnaepuos
580 2157 665 2210 Achil·
712 2160 757 2214 sed
769 2160 918 2229 Koeppenii
930 2161 1080 2229 conjectura
1092 2162 1168 2230 plane
1181 2172 1220 2215 est

159 2234 194 2288 lis
202 2234 316 2303 pretium
326 2235 448 2303 poposcit.
462 2235 574 2287 Homer.
587 2234 615 2287 ll.
626 2244 664 2298 tt,

159 2313 219 2383 39²·
229 2310 302 2380 Virg.
310 2310 372 2365 AEn.
382 2311 435 2364 xtt
445 2352 452 2376 ,
465 2313 514 2378 346
524 2330 585 2379 sqq;
597 2310 665 2364 conl.

160 2389 241 2442 etiarn
257 2389 364 2455 Noster,
379 2390 417 2443 lb.
431 2389 498 2460 5293
515 2389 594 2442 Trist
608 2389 666 2452 Ill,

160 2483 208 2532 lv,
225 2467 264 2534 34.
273 2495 307 2507 -
319 2470 400 2521 Ama
416 2475 504 2534 negate
519 2469 584 2520 ma'hr'
597 2467 668 2535 justo

159 2547 331 2617 impetuosius
344 2547 442 2600 dictum
456 2559 494 2600 est
508 2588 515 2612 ,
537 2557 563 2601 et
575 2546 667 2600 melius

160 2625 315 2680 conveniret
324 2625 390 2678 irato
398 2626 488 2694 Aiaci,
505 2645 583 2694 quam
592 2625 668 2678 blan-

161 2702 245 2756 dienti
267 2702 427 2767 auditoribus
448 2703 556 2774 Ulyssi;
580 2723 666 2772 neque

160 2778 205 2834 hic
213 2779 291 2833 babet
301 2792 487 2849 argumentum
496 2783 607 2849 justum:
616 2782 667 2835 Da·

161 2868 189 2911 te
207 2857 272 2911 mibi
289 2877 362 2911 arura
379 2859 500 2921 Achillis,
518 2859 588 2912 cur?
607 2861 667 2928 quia

162 2954 225 2989 euru
239 2936 316 3005 cepi,
336 2936 380 3004 qui
395 2955 475 3004 equos
496 2937 601 2991 Achillis
613 2956 668 3008 po-

161 3024 289 3083 poscerat.
301 3041 334 3054 -
346 3016 378 3067 In
392 3016 474 3068 verbis
481 3013 609 3083 fueritque
620 3020 669 3069 be-

161 3097 263 3160 nignior
277 3094 352 3158 Apin
368 3092 518 3145 laborarunt
533 3093 669 3162 interpre-

162 3178 217 3232 teu
229 3169 669 3237 Heirrsiusstbcnr'gm'orpassivesu·

162 3248 252 3303 nebat
260 3267 308 3318 pro
317 3249 418 3314 eo,qui
427 3248 539 3315 benigne
548 3247 668 3313 babetur,

161 3326 238 3394 cujus
256 3338 347 3380 tamen
365 3323 559 3393 significationis
575 3343 670 3377 exem·-

162 3405 237 3473 plum
256 3425 284 3457 se
303 3404 423 3474 ignorare
440 3401 576 3454 fatebatur.
595 3403 670 3455 Bur-

161 3500 279 3536 mannus
290 3482 414 3550 explicat,
431 3479 515 3549 magis
526 3479 669 3549 popularis,

713 2238 863 2307 rejicienda.
876 2239 925 2289 Ed.

748 2318 802 2368 255.
814 2316 956 2380 Sarpedon,
973 2312 1048 2366 Iovis
1058 2312 1142 2378 lilius,
1160 2313 1221 2384 Ly-

714 2393 759 2446 ciis
776 2402 893 2460 praerat.
912 2393 937 2444 Is
955 2409 1054 2459 quum,
1073 2390 1220 2458 Tlepolemi

714 2470 786 2523 basta
797 2470 963 2533 vulneratus,
976 2467 1057 2521 elatus
1066 2478 1132 2520 esset
1144 2486 1158 2519 a
1169 2467 1221 2519 suis

715 2569 729 2602 e
743 2549 848 2618 praelio,
867 2549 973 2620 Ulysses
988 2553 1091 2614 omina
1105 2546 1161 2613 ejus
1172 2549 1222 2598 de-

714 2633 822 2679 vastavit
830 2627 914 2692 ferro.
940 2626 1025 2694 plures
1043 2644 1057 2677 e
1074 2623 1148 2677 sociis
1166 2623 1222 2690 ejus

715 2704 865 2768 interiecit,
883 2722 996 2772 quorum
1010 2702 1119 2755 nomina
1131 2700 1173 2753 bic
1191 2718 1222 2752 ex

716 2781 853 2847 Homero,
864 2781 893 2834 ll.
903 2791 938 2845 E,
951 2780 998 2849 577
1007 2798 1054 2847 sqq
1064 2818 1071 2842 ,
1081 2795 1223 2830 recensen-

717 2856 1118 2925 tur.-A5m1'oodeoastarcscli1
1127 2853 1222 2907 locutio

717 2936 749 2989 ad
758 2935 904 3005 augendam
911 2935 1011 2987 cladem
1020 2932 1224 3003 Sarpedonisso·

716 3014 761 3068 ciis
779 3014 883 3066 illatam.
905 3011 982 3081 Apud
1002 3010 1088 3064 Cicer.
1106 3011 1157 3063 Pis.
1172 3012 1222 3077 33,

716 3097 860 3146 uastitatem
877 3091 958 3162 efficit
974 3090 1103 3154 morbus,
1124 3108 1155 3142 ex
1171 3108 1224 3158 quo

718 3169 794 3223 multi
807 3167 1128 3236 moriuntur.-Proserro
1139 3167 1226 3218 Fran-

717 3249 810 3304 cotnra.
822 3248 900 3301 babet
916 3249 1014 3309 Marte,
1037 3246 1107 3316 quod
1124 3245 1225 3315 gravius

719 3328 808 3381 altero.
817 3354 850 3367 -
859 3328 1015 3392 {lapponum
1027 3325 1147 3394 legerunt
1158 3323 1224 3376 Ma-

718 3405 848 3475 riangelus
859 3414 885 3457 et
894 3403 1032 3457 Constant.
1040 3401 1181 3464 Fanensis,
1195 3409 1225 3452 ut

719 3482 878 3552 intelligatur
891 3482 991 3542 Socus,
1014 3479 1123 3549 Hippasi
1143 3477 1224 3542 filius,

162 3559 289 3625 blandus,
301 3570 331 3612 ut
343 3558 408 3612 adeo
420 3559 537 3612 obtineat
550 3576 608 3627 que
620 3577 671 3610 ve·
720 3559 752 3612 ab
763 3559 856 3630 Ulysse
872 3558 1041 3621 interfectus,
1061 3567 1091 3609 ut
1104 3564 1226 3607 narratur

163 3637 203 3691 lit.
214 3635 288 3688 MSS
304 3636 427 3703 quidam,
444 3642 504 3704 puio
519 3647 563 3688 aut
577 3654 671 3704 quoque
720 3636 748 3689 in
762 3636 792 3690 Il.
804 3636 869 3689 libro
881 3635 1037 3696 undecimo;
1052 3632 1144 3700 vulgo,
1159 3639 1184 3682 et
1198 3630 1225 3683 in

163 3718 279 3781 demur,
291 3713 360 3767 unde
371 3716 495 3770 Heinsius
503 3715 607 3784 conjicit
608 3713 672 3782 sue-
721 3714 811 3785 Regiis
831 3715 955 3780 duobus,
979 3712 1073 3781 legitur
1093 3711 1226 3776 Iphitiden.

163 3797 200 3846 rr'!
209 3793 250 3843 hr's
262 3794 371 3857 dignior,
381 3797 579 3862 ant,tuler1‘tque
589 3812 621 3846 ea
630 3796 672 3844 dr'-
721 3794 869 3847 Ed-De
883 3796 1102 3853 Chersidamante,
1127 3791 1228 3842 Thoona

162 3876 251 3940 quior:
263 3870 334 3939 prius
341 3870 455 3938 placebat
461 3872 540 3924 etiam
550 3870 671 3942 Capoler.
721 3883 748 3926 ct
759 3871 864 3941 reliquis
878 3871 936 3924 vide
950 3872 980 3926 ll.
992 3881 1030 3936 A,
1045 3873 1101 3937 422.

166 3947 291 4000 Muretus
303 3945 458 3999 emendabat
458 3946 531 4013 strat
536 3951 588 4000 bec
596 3958 625 4001 ot
633 3952 673 4001 dr'-
755 3950 942 4013 attfflutctra,
955 3948 1078 4014 honesta,
1091 3953 1146 4015 abso
1155 3951 1225 4011 loco,

162 4030 239 4094 ‘mor
253 4025 335 4091 Ajerae.
352 4023 520 4094 Koeppenius
537 4046 586 4097 pro
598 4028 673 4094 Δία
722 4028 818 4098 quippe
840 4046 949 4097 corpore
975 4025 1084 4080 adverso
1105 4037 1229 4096 accepta,

167 4104 292 4159 suadebat
302 4106 411 4160 Hector:
420 4105 514 4178 quippe
522 4107 566 4177 qui
575 4106 672 4162 Doloni
722 4124 781 4176 qua
791 4106 845 4161 sola
857 4103 1001 4160 laudabilia.
1016 4102 1117 4160 Contra
1129 4107 1231 4159 vulnera
