2760 4710
157 324 219 410 oa
428 324 467 388 r.
498 322 677 391 ov1n11
699 320 925 407 ursonis

151 467 238 549 Aut,
256 489 331 537 mea
347 463 375 537 si
391 479 512 536 vestras
528 461 722 537 mulcebunt
738 461 880 536 carmlna
893 477 1037 547 mentes,

151 580 247 653 Desit
265 579 298 651 in
313 581 376 651 hac
394 580 475 652 mibi
492 597 585 679 parte
602 579 702 665 tides3
720 607 780 653 nec
797 577 918 651 credite
932 576 1078 663 sactum

152 693 234 780 Vel,
253 694 280 767 si
299 695 453 781 credetis,
472 696 550 769 lacti
568 722 699 796 quoque
716 694 838 768 credite
854 721 994 795 poenam.

155 798 192 884 Si
208 829 316 885 tamen
331 812 510 885 admissum
526 813 607 887 sinit
621 812 685 884 hoc
703 814 829 885 Natura
845 809 970 897 videri,

158 926 323 1000 Gentibus
339 927 502 1013 Ismariis,
524 944 556 1000 et
572 945 686 1001 nostro
705 925 852 1021 gratulor
868 924 963 1011 orbi;
1164 940 1215 995 305

158 1041 314 1117 Gratulor
325 1044 404 1116 huic
421 1061 533 1129 terrae,
553 1043 644 1142 quod
662 1043 756 1116 abest
772 1040 962 1137 regionibus
974 1036 1058 1124 illis,

155 1158 240 1253 Quae
256 1176 381 1232 tautum
398 1188 538 1253 genuere
551 1159 641 1231 nesas
659 1158 726 1231 :sit
741 1158 831 1231 dives
844 1182 994 1240 amomo;

155 1272 400 1373 Cinnamaque,
418 1290 611 1371 costumque
628 1301 740 1357 suam,
757 1271 938 1369 sudataque
955 1265 1048 1362 ligno

152 1391 242 1463 Tura
257 1390 357 1476 serat,
375 1390 540 1490 lloresque
556 1388 640 1464 alios
658 1380 821 1462 Panchaia
838 1384 957 1473 tellus,

157 1600 279 1643 arcentur
292 1590 385 1655 sacris,
399 1588 444 1643 sed
458 1589 575 1641 hocloco
586 1599 661 1641 caste
710 1589 777 1643 Rod.
787 1628 794 1655 ,
803 1608 891 1642 auster
901 1584 1216 1639 Huc-Gratnlulnnnc

158 1667 253 1720 animae
259 1667 372 1720 tiliarum
383 1677 460 1735 atque
473 1676 577 1734 patrum
588 1686 662 1719 asce-
709 1669 811 1721 felicem
818 1666 971 1736 predicare,
983 1676 1012 1717 ut
1021 1664 1078 1729 ΙΙΙ,
1088 1664 1148 1717 Arc
1156 1662 1215 1717 Am.

157 1743 217 1796 leris
228 1744 354 1797 horrendi
371 1743 512 1795 auditione.
524 1770 556 1781 —
571 1746 666 1795 Procul
714 1764 766 1795 rar.
776 1772 809 1783 —
824 1747 931 1797 Tantam
950 1742 1024 1809 nefas
1040 1782 1047 1801 ,
1064 1752 1121 1793 tam
1137 1740 1217 1793 nela-

156 1831 209 1875 este
215 1831 340 1890 parentes.
359 1822 438 1887 Duo,
457 1826 549 1888 procul
557 1830 608 1874 estc
619 1842 664 1875 so-
712 1822 779 1873 rism
791 1822 938 1874 mulierem.
951 1821 993 1873 Ab
1004 1819 1092 1887 impiis
1103 1816 1218 1871 bomini-

157 1920 231 1954 rores.
241 1929 275 1940 -
290 1901 364 1970 Regii
383 1901 466 1952 nostri
477 1939 484 1966 ‚
495 1909 620 1966 pamntcs.
631 1929 664 1941 -
710 1897 845 1966 busquam
851 1897 1017 1951 remotissimi
1027 1914 1084 1949 esse
1093 1894 1218 1965 copim

160 1978 258 2031 Versus
276 1979 321 2032 301
344 1978 417 2031 deest
435 1978 461 2031 in
479 1977 577 2031 Codice
597 1980 620 2031 Α
637 1988 664 2031 et
744 1978 1216 2045 tosctanamaquecosrmqnesmr

160 2056 664 2127 marginiaballamanut'uitinscriptus:
714 2052 804 2106 Codex
821 2055 918 2122 Regius
940 2054 981 2117 A,
1008 2054 1219 2121 Cesum-eet

161 2154 240 2203 quem
252 2136 356 2187 Nasone
367 2135 478 2205 dignum
490 2136 608 2189 arbitror.
616 2138 665 2187 Ed.
713 2140 938 2201 costumquesnam.
944 2132 1135 2187 eodememre
1141 2146 1219 2200 qoem

161 2240 194 2251 -
208 2214 359 2265 Mulceburrt.
372 2214 523 2271 Verborum
538 2213 666 2283 elegantia
713 2215 859 2267 notavimus
867 2215 898 2267 ad
908 2234 1013 2267 versum
1021 2214 1079 2266 aba.
1091 2208 1217 2281 negt-tt

161 2300 188 2342 ct
201 2290 341 2343 affectuum
351 2292 484 2345 notatione
493 2331 500 2358 ,
508 2292 665 2360 quamirum
713 2292 778 2345 nibil
792 2303 884 2345 mutat.
897 2295 944 2344 Ed.
956 2320 989 2331 ·-
1001 2291 1052 2344 Atii
1061 2328 1069 2355 ,
1078 2298 1220 2359 cosm

162 2370 190 2421 in
203 2370 313 2422 modum
326 2390 353 2425 se
371 2370 539 2425 commendat
556 2371 610 2424 baec
621 2371 666 2422 sa·
714 2370 861 2422 suaviae
872 2370 1020 2423 llelnsium.
1030 2368 1072 2421 De
1082 2376 1155 2421 costo
1162 2364 1218 2420 ride

162 2446 238 2513 bula,
259 2449 387 2501 tenebunt
404 2460 431 2501 et
450 2448 623 2501 delectabunt.
634 2474 668 2485 -
715 2448 790 2499 infra.
807 2476 840 2487 -—
856 2450 988 2515 Floresque
1008 2451 1085 2499 alios.
1103 2444 1219 2514 Quidam

166 2527 216 2579 Nec
227 2530 326 2579 credite.
336 2526 406 2580 Octo
419 2530 462 2591 (et
470 2535 558 2577 noster
570 2523 667 2590 Regius
707 2528 833 2592 fhrgrsque
842 2530 932 2577 varios.
943 2525 1052 2589 Petitus,
1065 2522 1220 2577 Comment.

164 2602 207 2672 B)
218 2606 467 2657 recredita-Facti.
477 2599 668 2665 cantabrsac-
715 2602 742 2652 in
756 2601 823 2670 leges
839 2602 890 2654 tu.
908 2623 932 2670 p.
946 2604 1013 2668 248,
1032 2602 1141 2672 corrigit
1156 2601 1221 2653 hm

162 2688 212 2745 tis,
222 2682 345 2734 Heinsius
351 2679 462 2732 malebat
463 2677 667 2745 sacto-Ambo
709 2678 922 2747 summotasque
931 2681 1008 2742 alios)
1021 2682 1171 2733 Paaecdaer'ca
1179 2678 1223 2730 te!-

164 2760 247 2813 nostri
261 2759 352 2827 Regii,
357 2756 433 2823 sacti.
716 2760 769 2811 lus.
784 2760 851 2809 Dum
865 2768 913 2809 etr„
932 2756 1017 2810 Conso
1030 2756 1220 2811 emendationis

197 2836 254 2887 305.
275 2837 404 2887 Gentibus.
425 2832 476 2886 Hic
493 2852 581 2885 sersus
596 2831 668 2884 deest
717 2832 868 2901 intelligitur
879 2853 892 2885 e
904 2844 965 2885 nota
974 2843 1063 2885 nostra
1074 2832 1220 2885 adversum

165 2911 193 2964 in
206 2912 361 2964 Florentino
378 2910 406 2963 S.
422 2910 522 2975 Marci,
542 2911 668 2978 probante
717 2908 1218 2977 4782sedincommodc,monenteetiattt

165 2990 329 3042 Burmanno,
337 2988 428 3041 —Sed
438 2988 531 3057 legitur
539 2990 566 3040 in
576 2989 670 3040 nostris
717 2990 885 3055 Burmanno‚
897 2991 965 3042 inter
977 3000 1034 3042 tm
1043 2988 1219 3043 ethhr‘eae

167 3066 262 3136 Regiis.
274 3094 307 3105 ·-
318 3069 448 3128 Ismarr'rs,
466 3065 626 3130 Thracibus,
638 3066 669 3118 ab
717 3067 923 3134 interjiceretur,
928 3072 1055 3136 floresque
1061 3072 1136 3121 attos.
1144 3064 1222 3135 Regii

165 3144 669 3210 Ismaro.monteTbraeioe.Burrnanno,
719 3146 800 3198 nostri
814 3145 924 3199 Codices
938 3147 1016 3199 Petiti
1027 3145 1222 3199 distinctionem

167 3225 211 3293 qui
219 3224 366 3293 putat,haec
375 3243 456 3278 exsua
464 3244 573 3293 persona
581 3223 670 3276 dixisse
720 3243 773 3277 non
783 3225 938 3279 admittunt:
948 3238 1017 3279 recte
1026 3225 1153 3295 judicavit
1161 3224 1223 3279 Bru*

169 3302 314 3369 Ovidium,
325 3302 423 3354 mirum
434 3301 552 3367 videtur,
565 3301 601 3354 itu
612 3320 672 3369 gra·
718 3320 838 3353 mannus.
851 3306 900 3354 nd.
911 3306 1223 3357 -ffldr'vesmmte-

168 3380 243 3435 tulari
254 3392 359 3449 poetam
371 3379 489 3432 Tbracioe
502 3418 509 3445 ,
529 3379 572 3432 ubi
591 3377 671 3429 modo
721 3379 900 3449 Valeantopcs
910 3382 1083 3448 Arabioe,eas
1091 3402 1149 3453 non
1155 3398 1224 3435 cun·

167 3482 232 3516 vers.
243 3462 292 3529 83,
306 3459 430 3528 Orpheus
442 3458 581 3523 docuerat,
594 3476 671 3509 arno-
719 3477 778 3510 mus
790 3477 838 3511 nec
850 3459 1016 3526 invidemus,
1031 3480 1117 3530 quum
1130 3461 1173 3515 illa
1182 3478 1224 3513 re·

169 3560 226 3593 rern
242 3541 270 3593 in
287 3551 391 3593 teneros
409 3540 548 3590 transferre
567 3554 670 3601 mares,
720 3536 984 3605 gioarboremserate
995 3550 1048 3591 tam
1055 3540 1224 3593 scelestam·

170 3620 242 3684 quasi
259 3617 409 3687 pederastia
428 3616 515 3668 minus
532 3614 612 3667 scelus
625 3614 672 3667 in·
720 3613 782 3666 liere
794 3626 886 3667 ortam.
896 3619 1114 3670 Eut—Panem
1126 3614 1225 3671 Arabi!

170 3705 240 3746 «esto
252 3705 325 3749 esset.
345 3694 407 3747 Fuit
420 3712 481 3746 sane
494 3692 581 3744 minus
591 3690 672 3743 scelus
720 3692 800 3760 regio.
812 3693 918 3745 Vossius
930 3692 961 3745 ad
975 3694 1067 3763 Virgil.
1076 3694 1176 3765 Georg.
1184 3692 1225 3757 ll,

172 3787 201 3818 ex
213 3771 334 3837 opinione
344 3770 560 3840 paedernstarum,
573 3778 600 3820 et
611 3787 672 3820 om·
725 3771 785 3841 139,
798 3770 907 3823 insulam
916 3781 989 3840 putat
999 3792 1053 3825 esse
1060 3792 1162 3825 sacr-am
1173 3772 1228 3827 Ett-

170 3845 234 3895 nino
247 3848 399 3903 Graecorurn
413 3872 419 3912 ;
437 3869 483 3902 suo
495 3848 566 3900 enim
579 3848 672 3915 cuique
721 3846 821 3900 hemeri
835 3859 931 3916 poetae,
943 3868 1055 3917 eamque
1067 3851 1225 3915 fabulosam,

59 3978 63 3987 Ι
171 3918 266 3986 ssagitia
281 3928 351 3992 parvi
368 3926 497 3980 momenti
516 3924 674 3979 esseviden-
722 3923 747 3975 in
758 3936 829 3991 parte
840 3926 942 3979 Arabiae
953 3926 1226 3997 orienntt,quoeon·

171 4006 221 4046 tur.
230 4021 262 4036 -
273 4002 362 4054 Nostro
370 4009 430 4065 orbi,
440 4004 506 4073 porti
515 4004 583 4056 orbis
594 4013 672 4056 terra·
722 4001 762 4053 nis
770 4003 871 4071 generis
883 4014 998 4056 aromata
1010 4004 1116 4058 mittere
1129 4004 1227 4059 credita

170 4087 250 4150 rum,
271 4089 348 4139 quam
369 4097 417 4131 nos
437 4081 581 4137 incolimus.
600 4080 673 4135 Male
722 4082 762 4135 sit.
775 4081 818 4136 Cs.
829 4083 896 4136 intra
908 4083 941 4136 ad
955 4102 1060 4138 versum
1071 4084 1132 4153 476.
1147 4086 1233 4139 noer
