2760 4710
616 325 1214 359 mmmmm

292 472 381 621 ἰ).
425 516 681 622 οιιιιιι
717 517 1041 630 Nasorls

201 765 1159 911 METAMORPHOSEON

268 1048 456 1134 LIBER
493 1049 781 1137 DECIMUS
818 1055 1102 1146 TERTIUS.

564 1281 802 1308 ’Φη-

194 1594 236 1656 Ν.
254 1594 294 1656 Β.
311 1594 521 1679 Argumentum
535 1596 621 1680 hujus
638 1598 717 1660 Libri
732 1602 834 1663 decimi
851 1603 929 1664 tertii
948 1556 1220 1690 Metamorphoseon

155 1706 275 1771 relatum
291 1709 417 1773 invenies
435 1710 465 1770 in
480 1712 553 1772 serie
567 1711 728 1791 Capram,
748 1727 818 1776 tom.
835 1718 900 1794 lll,
918 1739 981 1803 pag.
996 1719 1046 1792 dr.

157 2015 241 2088 Flu.
258 2016 284 2086 l.
308 1980 537 2086 CONSEDERE
555 2013 675 2102 duces,
693 2033 747 2102 ct,
764 2012 855 2110 vulgi
873 2034 980 2090 stante
996 2048 1140 2111 corona,

159 2125 276 2223 Surgit
290 2126 331 2201 ad
344 2125 407 2202 hos
421 2125 527 2228 clypei
544 2127 698 2203 dominus
715 2126 936 2230 septemplicis
956 2131 1048 2228 Ajax.

195 2296 557 2370 1-398.Amorrrmjudr'ciam.
569 2298 662 2351 Nobile
712 2308 794 2359 esset;
814 2297 930 2363 Plinius,
947 2300 1064 2365 XXXV,
1083 2321 1121 2354 ro.
1135 2304 1218 2360 Sede

158 2374 223 2431 illud
233 2385 356 2429 certam
371 2396 494 2429 armorum
511 2376 581 2429 inter
593 2377 663 2444 Aja-
711 2376 795 2446 poetis
810 2386 905 2444 praeter
917 2374 1044 2429 Ovidium
1060 2398 1129 2433 unus
1140 2394 1220 2437 restat

157 2470 217 2507 cem
227 2450 411 2506 Telamonium
426 2463 452 2505 et
465 2453 600 2526 Ulyssem,
615 2473 665 2506 eu·
714 2453 832 2522 Quintus
846 2452 975 2519 Calaber,
991 2455 1035 2522 qui
1051 2455 1162 2526 Paralip.
1176 2459 1219 2516 lib.

156 2533 198 2601 jus
210 2531 328 2597 oocasio,
345 2531 388 2583 lib.
400 2532 453 2585 llll
465 2542 529 2584 extr.
542 2541 661 2598 narrata,
713 2531 753 2598 V,
766 2550 802 2583 vs.
821 2529 949 2594 rto-315,
963 2529 991 2581 in
1004 2529 1053 2584 hoc
1062 2545 1220 2601 argumento

157 2611 230 2679 eujus
245 2610 374 2664 memoria
386 2610 432 2663 diu
448 2611 517 2663 inter
528 2610 663 2664 AEolenses
712 2609 848 2678 ingenium
866 2609 1003 2676 exercuit,
1027 2629 1106 2678 quem
1130 2624 1219 2669 tamen

158 2689 269 2755 mansit,
285 2690 420 2757 (Pausan.
436 2688 512 2740 Attic.
525 2708 549 2758 p.
564 2684 620 2757 86)
637 2698 665 2741 ct
712 2686 860 2757 longissime
880 2697 938 2755 post
955 2707 982 2739 se
1005 2688 1130 2756 relinquit
1147 2691 1221 2746 Ovi·

159 2767 228 2837 quod
241 2787 255 2820 a
267 2766 356 2819 multis
367 2766 514 2818 auctoribus
526 2777 579 2818 tarn
592 2784 664 2835 grte-
712 2764 777 2818 diue
790 2765 1012 2818 Praestantissima
1023 2765 1095 2818 enim
1106 2780 1168 2822 sunt
1181 2770 1221 2825 hae

159 2847 213 2911 cis,
235 2864 312 2913 quam
333 2843 418 2896 latinis
432 2884 439 2909 ,
460 2854 598 2896 tractatum
617 2853 664 2896 est.
713 2844 844 2898 orationes
857 2855 884 2896 et
896 2854 1003 2896 moratae
1015 2843 1141 2912 inprimis.
1155 2850 1222 2918 Ajas

159 2923 347 2977 'l’ractaverant
359 2922 430 2974 enim
443 2920 493 2991 (ut
502 2923 612 2975 Homer.
623 2934 673 2980 ta·,
713 2923 778 2975 iram
786 2940 859 2974 suam
867 2922 893 2972 in
901 2921 1022 2992 Ulyssem
1030 2925 1137 2992 evomit,
1146 2927 1221 3002 Ulys-

158 3001 401 3071 eeam,qni0d.A,
412 3003 666 3070 Slasqq,ejusmen·
714 3018 754 3053 ses
770 3009 861 3053 contra
878 2998 968 3075 callide
985 3010 1013 3052 et
1028 2998 1138 3057 facunde
1160 3027 1223 3060 rau·

160 3081 260 3135 tionem
275 3081 356 3145 lacit)
373 3080 496 3133 Arctinus
514 3083 539 3133 in
554 3080 666 3133 AEtlrio÷
714 3095 769 3128 sam
780 3094 854 3128 suam
867 3076 925 3143 agit.
943 3075 1062 3146 Uterque
1078 3083 1160 3135 utitur
1172 3086 1221 3153 iis,

160 3159 220 3230 pide
232 3170 308 3228 atque
317 3158 427 3212 Lcsches
439 3160 466 3210 in
476 3160 592 3212 carmine
606 3153 667 3218 liade
715 3172 773 3221 que
788 3154 993 3224 periclitantibus
1007 3156 1097 3211 suadet
1112 3160 1225 3228 Quinti-

160 3242 247 3315 μαρὰ,
262 3248 310 3291 etc.
327 3235 465 3306 AEschylus
478 3228 560 3292 ὁκλων
576 3244 665 3311 spicea,
715 3233 814 3299 liunus,
830 3233 894 3286 lnst.
906 3233 962 3299 Vl,
980 3254 989 3286 ι
1007 3254 1014 3286 :
1031 3257 1043 3281 r
1062 3239 1222 3293 Periclitan-

161 3315 294 3368 docuerat.
306 3315 415 3367 Exstant
427 3313 512 3366 adbuc
524 3313 667 3366 Antisthe-
717 3331 730 3356 »
744 3320 797 3363 tem
809 3329 871 3362 vero
879 3311 1048 3365 commendat
1056 3313 1183 3384 dignitas,
1197 3329 1224 3370 et

160 3394 201 3447 nis
213 3393 414 3447 declamationes
430 3391 500 3457 duae,
512 3391 591 3443 altera
601 3392 668 3459 Aja-
717 3388 830 3443 »studia
848 3389 947 3455 sortia,
969 3400 996 3441 et
1014 3397 1138 3461 suscepte
1156 3396 1224 3448 bello

159 3471 208 3537 cis,
221 3471 322 3542 Ulyssis
334 3471 414 3522 altera
427 3489 433 3521 ε
444 3468 502 3522 vide
516 3468 666 3533 lieiskiurn,
717 3488 731 3514 ¹·
744 3469 893 3533 cicatrices,
911 3479 937 3520 et
951 3469 1070 3523 nobilitas
1087 3483 1114 3524 et
1130 3475 1224 3527 merita

160 3550 248 3605 Oratt.
266 3567 339 3618 grac.
357 3559 421 3601 tom.
434 3551 458 3596 V
462 3549 510 3602 lll.
529 3547 553 3601 Ε
570 3548 668 3600 Latinis
718 3565 731 3589 π
745 3546 885 3613 majorum.
899 3566 913 3591 s
924 3545 1034 3614 Singula
1044 3547 1111 3599 bene
1124 3558 1151 3600 et
1165 3549 1225 3601 rol-

161 3625 416 3681 Pacuviusetrlttius
425 3624 667 3693 sabulasdedecant,
716 3622 782 3676 lecta
793 3635 871 3689 sunt,
887 3635 914 3677 et
929 3625 1091 3693 amplificata.
1108 3627 1222 3697 Noster,

163 3703 257 3773 quibus
268 3719 367 3752 nomen
379 3702 440 3766 fuit,
454 3702 667 3768 Armorumjudi-
718 3713 844 3754 monente
860 3702 960 3756 Seneca
974 3740 983 3764 ,
1002 3702 1095 3756 Contr.
1112 3706 1159 3771 ll,
1178 3727 1223 3777 ro,

162 3788 236 3835 ceum.
251 3779 406 3832 Timanthes
418 3780 496 3833 etiam
510 3796 537 3833 et
551 3780 669 3833 Parrha·
718 3778 799 3831 multa
810 3781 902 3832 sumsit
914 3799 928 3831 a
939 3781 979 3833 M.
990 3781 1084 3835 Porcio
1095 3783 1224 3854 Latrone,

163 3860 215 3911 sius
225 3857 335 3926 pictores
348 3867 510 3910 certaverant
524 3858 551 3908 in
563 3856 611 3909 hor.
622 3859 669 3926 ju·
718 3871 876 3928 praeceptore
889 3879 955 3926 suo,
972 3863 1055 3930 quiet
1069 3864 1121 3934 ipse
1136 3886 1226 3922 armo-

163 3938 231 3992 dirio
253 3936 445 4004 exprimendo,
468 3946 494 3989 et
518 3935 669 3991 Parrhasius
718 3956 778 3990 rum
794 3937 921 4004 judicium
937 3941 1094 4010 scripserat;
1115 3947 1173 4002 vide
1192 3950 1223 4003 ad

163 4016 250 4069 herois
259 4015 367 4067 nomine
376 4014 518 4067 molestese
527 4012 595 4066 serre
604 4013 670 4067 dire·
718 4037 853 4072 versut.

165 4097 222 4162 bar,
236 4094 307 4164 quod
320 4095 415 4148 iterum
426 4095 457 4146 ab
469 4093 578 4162 indigno
589 4093 670 4145 victus
753 4096 918 4150 nersedm
926 4100 1220 4171 ducesetsnrge'radtos.
