2760 4710
207 362 252 431 90

488 343 528 407 Ρ.
557 343 734 411 OVlDll
758 342 986 413 NASONIS

204 484 273 554 Nec
291 479 438 567 dubitat;
457 510 516 557 nee
535 511 600 583 qua
616 483 661 556 sit
676 482 949 559 clementissimus
969 487 1072 560 amnis

206 597 355 692 Quaerit,
374 614 408 671 et
425 597 589 698 obsequio
608 599 727 673 deferri
744 601 871 701 spernit
887 630 1054 704 aquarum.

204 713 345 812 Jamque
363 732 477 788 tenens
495 715 618 816 ripam,
637 715 758 790 missos
774 745 877 816 quum
895 717 1027 792 tolleret
1041 747 1153 806 arcus,

207 829 366 927 Conjugis
384 830 521 923 agnovit
536 859 670 916 vocem;
687 833 859 930 Nessoque
876 853 1012 932 parante

205 941 328 1016 Fallere
348 943 550 1043 depositum,
571 978 588 1011 (ι
604 945 683 1040 Quo
703 961 734 1017 te
750 943 889 1030 fiducia,
907 945 1041 1032 clamat,

1222 984 1271 1023 120

209 1091 226 1122 »
244 1060 337 1132 Vana
354 1060 493 1160 pedum,
509 1059 670 1145 violente,
691 1060 803 1158 rapit?
821 1058 905 1145 tibi,
924 1062 1026 1135 Nesse
1045 1061 1218 1150 biformis,

210 1207 226 1236 »
246 1174 416 1262 Dicimus,
434 1174 568 1259 exaudi,
586 1202 644 1246 nec
662 1201 715 1247 res
732 1173 889 1275 intercipe
904 1193 1047 1248 nostras.

210 1323 226 1352 »
246 1289 282 1361 Si
300 1308 332 1363 te
347 1288 439 1363 nulia
455 1289 519 1362 mei
536 1288 714 1362 reverentia
730 1289 854 1376 movit;
875 1308 908 1364 at
923 1291 1022 1364 orbes
1088 1326 1090 1330 ’

209 1441 226 1471 u
248 1408 456 1482 Concubitus
474 1405 592 1479 vetitos
605 1421 758 1505 poterant
775 1405 926 1482 inhibere
943 1408 1083 1514 paterni.

210 1558 226 1587 »
248 1523 348 1597 Haud
368 1542 474 1596 tamen
493 1521 650 1616 effugies,
670 1523 819 1622 quamvis
838 1553 901 1627 ope
920 1524 996 1598 fidis
1014 1525 1143 1624 equina.
1223 1548 1273 1598 125

210 1673 225 1701 »
245 1637 409 1721 Vulnere,
429 1666 498 1708 non
514 1636 655 1737 pedihus
674 1656 704 1712 te
720 1669 912 1742 consequar.
931 1675 947 1705 »
968 1639 1094 1714 Ultima
1109 1640 1198 1713 dicta

240 1840 293 1891 no.
299 1841 415 1891 Dubitat.
422 1841 546 1894 Heretet
554 1860 642 1896 seeum
652 1841 714 1895 deli·

204 1917 286 1979 berst,
296 1934 369 1968 more
378 1935 481 1983 eorum,
490 1920 581 1986 quires
589 1919 713 1989 periculo·

203 2011 242 2045 sas
254 1991 710 2062 aggrediuntur.—Clementissimus,

203 2070 385 2140 quietissimus.
397 2102 429 2113 —
444 2076 569 2144 Obsequio
585 2086 633 2130 etc.
652 2076 713 2130 Art.

204 2151 285 2204 Amat
301 2152 326 2205 11
338 2193 345 2220 ,
365 2154 425 2207 181:
439 2157 566 2225 Obsequio
582 2164 715 2209 tranuntur

203 2250 273 2299 aquoe
283 2251 289 2284 z
299 2251 345 2285 nec
353 2239 451 2289 uincere
454 2240 540 2303 possis
548 2238 678 2296 Humr'rra,
689 2239 717 2289 si

203 2318 304 2371 corita,
317 2333 391 2380 quam
400 2320 469 2382 rapi!
476 2318 560 2376 unda,
570 2322 648 2367 nales-
659 2312 713 2367 Sed

205 2390 333 2444 Hercules
342 2393 447 2446 notebat
455 2397 571 2462 obsequio
578 2413 713 2460 uquarum,

204 2467 254 2521 hoc
265 2481 320 2535 est,
335 2472 370 2524 ita
383 2481 411 2524 ut
422 2473 627 2540 obsequeretur,
639 2491 666 2522 se
676 2490 714 2523 ac·

205 2551 386 2604 commodaret
397 2550 478 2603 fluvio
490 2549 657 2616 decurrenti,
670 2554 714 2603 de-

199 2627 279 2691 ferri,
294 2629 416 2680 inferiore
432 2628 488 2680 toro
503 2626 534 2678 ad
550 2628 633 2696 ripam
648 2648 714 2696 per-

204 2705 295 2756 venire
310 2704 449 2772 adiuvante
463 2723 535 2772 aqua.
552 2704 595 2759 Sic
609 2724 714 2775 quoque

207 2799 293 2833 mores
301 2780 421 2833 Herculis
429 2782 558 2848 expressit.
568 2781 665 2835 Lenuio
673 2787 714 2836 ob·

205 2863 315 2924 sequium
323 2867 360 2910 est
369 2855 393 2908 id
402 2858 625 2926 quodclcmentia.
633 2861 714 2916 Rod:

207 2937 429 2996 uerschmaehsnd,
440 2941 577 3003 fficichsam
583 2961 631 2994 uus
638 2946 716 2995 scho-

206 3016 299 3065 ncnder
311 3016 492 3085 Gcsaelligdeii
506 3039 562 3071 vom
575 3024 717 3075 Geuaesser

204 3100 322 3158 geiruges
334 3115 366 3146 zu
375 3099 474 3148 werden.

242 3189 295 3241 rrq.
308 3172 435 3238 Agnovit,
451 3171 541 3227 Codes
554 3174 576 3227 B
588 3175 673 3239 solus,
686 3185 715 3227 ut

206 3245 323 3313 videtur,
335 3249 379 3301 dat
387 3253 649 3316 audibit—Parasi&
660 3250 716 3304 Co-

207 3326 256 3381 dex
271 3328 312 3393 A,
328 3335 447 3395 paranti,
465 3342 495 3384 ut
512 3332 636 3402 jungatur
653 3349 714 3385 cum

206 3415 314 3476 clamai,·
326 3411 371 3463 scd
381 3410 430 3465 hoc
441 3413 549 3465 verbum
561 3412 643 3465 rarius
654 3429 715 3464 curn

208 3488 295 3543 dativo
313 3489 443 3558 reperitur
459 3509 536 3559 quarn
549 3501 577 3542 ut
594 3489 715 3541 omniunt

207 3568 282 3623 codd.
294 3579 320 3622 et
331 3569 478 3622 editionum
489 3570 615 3637 scriptura
629 3577 717 3620 mute-

209 3644 612 3716 sur.Terentius-qui‹lem,snd.
622 3644 715 3712 111,11‚

211 3744 248 3788 ιι,
257 3731 310 3780 iilis
316 3748 368 3795 qua
376 3735 436 3779 suni
442 3731 518 3784 unius,
524 3725 658 3776 clamasse
665 3726 717 3775 vr'a.

209 3799 390 3856 Ed—Fallere
395 3806 534 3871 depositum
544 3818 649 3869 ,rapere
657 3818 718 3854 con·

210 3875 299 3944 iugem
313 3880 456 3945 creditam
470 3878 515 3933 sed
528 3878 591 3932 ittud
607 3877 717 3948 indigni·

211 3961 291 4006 tatem
307 3959 345 4010 rei
364 3960 444 4029 magis
458 3957 586 4029 exprimit.
603 3959 718 4025 Deposi-

760 1849 851 1905 sirum,
872 1844 1024 1909 saliiteum,
1043 1843 1087 1912 qui
1106 1842 1273 1912 deposuerat.

762 1921 882 1990 ΛροΙΙοᾶ.
902 1942 926 1991 p.
947 1926 990 1991 157
1009 1941 1015 1972 :
1036 1925 1045 1975 i
1063 1928 1087 1975 οἳ
1102 1926 1272 1997 διαπορθμεύων

760 2005 831 2061 αὐτὴν
844 2002 954 2074 ierxet'pu
969 2000 1101 2066 βιᾶζιιθαι.
1118 2010 1158 2058 τῖς
1173 2004 1199 2053 is·
1212 1999 1274 2052 siun·

760 2086 884 2158 :perperisse
902 2085 1033 2150 uisio'puruse
1056 2070 1184 2157 ilipusiie
1207 2083 1273 2148 ι’ζιλ-

762 2164 825 2213 tiss«
842 2163 929 2214 Nissos
946 2163 1045 2228 s'rs'fturr
1062 2165 1094 2219 ris
1110 2169 1151 2221 τὴν
1168 2163 1273 2234 καρδίαν.

761 2235 814 2288 Sed
823 2235 934 2290 Ovidius
943 2237 1019 2289 aliam
1028 2236 1159 2289 rationem
1168 2244 1274 2288 secutus

761 2324 816 2380 est,
832 2324 862 2367 ut
874 2324 900 2367 et
911 2335 966 2384 sqq.
980 2314 1085 2368 docent.

798 2410 852 2443 rar.
868 2393 1006 2460 Basormr's,
1024 2391 1083 2444 vide
1097 2390 1129 2443 ad
1147 2391 1191 2456 ll,
1204 2389 1274 2451 63ος

762 2470 866 2521 Semisr'r
874 2473 973 2522 Nessus
984 2470 1011 2522 in
1026 2468 1135 2523 Heroid.
1147 2470 1202 2535 IX,
1218 2470 1275 2533 ¹4¹·

763 2549 975 2601 —Yi'bt'dicimus
987 2558 1031 2600 aut
1043 2550 1100 2599 dim
1112 2545 1276 2613 indignantis

763 2635 790 2677 et
803 2625 927 2679 minantis
938 2624 1051 2679 formula
1062 2645 1069 2687 ς
1080 2620 1192 2676 Heroid.
1204 2621 1274 2687 XX,

765 2704 803 2756 53.
813 2703 898 2756 Graeci
907 2714 971 2774 ,uso
981 2729 1020 2767 st,
1031 2712 1076 2754 aut
1085 2709 1146 2755 καλῶ
1154 2701 1277 2754 σι.-Νει·

765 2799 819 2844 res,·
834 2782 959 2834 Heinsius
972 2779 1085 2832 malebat
1093 2798 1124 2831 ne
1131 2778 1275 2830 res—Non

763 2857 839 2910 rideo
855 2857 887 2910 ad
904 2857 966 2925 quid
979 2858 1026 2910 ista
1040 2857 1160 2908 mutatio.
1178 2859 1228 2908 Ed.
1240 2883 1277 2895 -

764 2939 817 2986 Res
825 2934 857 2986 de
866 2934 1003 2997 omnibus,
1018 2951 1074 3000 quae
1084 2931 1158 2983 nobis
1170 2930 1275 2984 deben-

764 3023 816 3075 tur,
826 3009 921 3077 etiam,
935 3021 964 3061 ut
971 3009 1020 3061 boe
1028 3009 1084 3061 ioco
1092 3046 1100 3072 ,
1108 3006 1140 3059 de
1149 3009 1276 3078 conjuge.

763 3090 923 3154 -Istercipn
933 3085 1000 3137 Vide
1012 3084 1044 3136 ad
1054 3084 1077 3132 V
1081 3085 1136 3144 lli,
1151 3105 1208 3157 aqr.

799 3164 851 3217 123.
860 3166 1051 3230 ortespaterm}
1057 3164 1117 3217 satis
1124 3176 1275 3234 opportune

764 3253 791 3296 et
802 3243 894 3296 acerbe
906 3244 988 3297 Nesso
997 3244 1023 3296 in
1033 3245 1190 3299 memoriam
1201 3265 1278 3300 revo-

763 3333 805 3376 cat
816 3341 920 3391 poenam
932 3322 1012 3392 patris
1024 3323 1121 3377 irionis
1133 3365 1140 3391 ,
1153 3325 1199 3393 qui
1209 3336 1275 3378 rota

765 3403 881 3472 alligatus
889 3403 995 3457 adsidue
1004 3404 1117 3457 volvitur
1125 3405 1151 3457 in
1157 3404 1277 3458 Tartaris

765 3493 872 3553 propter
883 3487 1030 3536 concubitus
1037 3490 1139 3544 ocir'ios,
1152 3483 1211 3552 quia
1219 3482 1275 3535 vim

764 3562 863 3615 inferre
869 3561 1095 3615 volueratJunoni
1103 3582 1109 3614 ι
1117 3559 1175 3613 vide
1183 3559 1275 3627 ale,

766 3641 822 3708 464.
836 3640 875 3693 Er
891 3641 961 3694 nube
976 3640 1003 3692 in
1016 3638 1132 3692 Junonis
1147 3638 1204 3692 loco
1220 3638 1276 3691 ob-

766 3721 847 3790 jecta,
864 3739 977 3789 quacum
986 3720 1064 3772 etiam
1073 3719 1137 3785 coit,
1151 3717 1205 3771 nati
1213 3728 1276 3771 sunt

768 3796 914 3862 Centauri,
932 3795 993 3850 inde
1008 3797 1152 3866 Nubigenre
1164 3794 1233 3848 dicti.
1242 3822 1277 3834 -

766 3880 894 3937 latuere,
906 3876 1048 3929 deterrere.
1060 3904 1093 3914 -
1107 3876 1161 3942 Ope
1171 3879 1276 3941 rqur'rsa,

767 3955 901 4010 velocitate
916 3952 1013 4023 pedum
1026 3951 1193 4021 equinorum.

209 4039 274 4091 lum.
287 4036 357 4101 quod
366 4038 472 4106 aiicujus
480 4039 541 4092 fidei
549 4038 718 4092 commissum
804 4033 857 4087 no.
880 4035 1005 4090 Vulnere,
1025 4030 1116 4101 sagitta
1133 4027 1275 4081 vulnifica:

210 4120 265 4178 est,
279 4111 323 4179 qui
336 4111 362 4165 id
375 4133 430 4168 non
443 4115 530 4171 reddit
538 4117 631 4187 ,saliri
641 4118 720 4184 depo·
768 4110 842 4181 Virg.
856 4110 917 4164 AEn.
930 4110 957 4163 ll
968 4149 976 4175 ,
993 4115 1058 4181 529,
1076 4107 1166 4174 infesto
1177 4109 1279 4159 vulsen-
