2760 4710
596 326 779 400 INDEX.

303 497 428 554 LIBER
452 497 506 552 ΙΙΙ.

151 657 275 716 Draconis
288 655 374 710 dentes
386 655 415 709 in
428 654 496 707 viros
509 665 624 707 armatos

152 739 263 792 Cadmus
274 734 383 788 Boeotiae
395 732 520 786 eonditor.

151 820 257 870 Actaeou
269 815 297 866 in
309 832 420 865 cervum.

151 893 267 947 Bacchus
277 912 307 944 ex
319 888 418 943 Semele
429 886 522 941 Cadmi
534 884 597 941 lilia.

152 973 222 1026 Juno
235 972 263 1023 in
277 989 363 1022 anum.

151 1049 249 1104 Bacchi
261 1046 384 1101 educatio.

152 1129 262 1183 Tiresias
276 1126 303 1178 in
315 1125 444 1179 feminam.

153 1205 263 1258 Tiresias
277 1204 305 1257 in
315 1221 419 1256 marem.

153 1285 285 1337 Narcissus
298 1283 326 1334 in
338 1280 436 1336 florem.

155 1362 227 1415 Echo
238 1362 267 1414 in
278 1381 375 1413 vocem.

153 1439 281 1512 Tyrrheni
293 1453 376 1492 nauta
389 1440 418 1492 in
430 1437 569 1511 delphinos.

153 1518 268 1572 Bacchus
279 1519 308 1571 in
319 1538 434 1592 puerum.

153 1596 260 1650 Penthei
271 1596 411 1671 descriptio·

310 1752 436 1808 LIBER
458 1754 508 1807 lV.

155 1910 249 1964 Bacchi
263 1909 376 1961 nomina.

154 1989 267 2044 Dercetis
278 1986 423 2058 Babylonia
434 1985 462 2037 iu
474 1987 574 2058 piscem.

155 2067 303 2124 Semiramis
316 2066 344 2119 in
356 2065 507 2118 columbam.

153 2149 217 2202 Nais
230 2149 258 2201 in
270 2146 370 2221 piscem.

154 2230 230 2283 Mora
242 2248 272 2280 ex
284 2224 347 2279 albis
358 2224 434 2297 nigra
442 2222 548 2295 Pyrami
558 2233 583 2275 et
590 2220 669 2299 'llris-⁴

188 2307 231 2360 hes
244 2304 369 2378 sanguine
378 2303 475 2354 effecta.

154 2387 260 2440 Veneris
275 2406 332 2439 cum
346 2385 430 2438 Marte
442 2381 601 2435 adulterium.

155 2465 297 2521 Leucothoe
309 2464 338 2516 in
350 2461 430 2525 thuris
442 2460 564 2513 arborem.

158 2545 240 2618 Clytie
250 2544 278 2595 in
290 2539 469 2613 heliotropium
481 2537 595 2591 herbam.
608 2552 618 2558 ”

155 2622 271 2695 Daphnis
284 2622 366 2673 ldeeus
380 2619 408 2671 iu
418 2636 513 2671 samm.

156 2703 272 2776 Scython
285 2701 312 2752 in
324 2699 453 2751 feminam.

157 2781 259 2834 Celmus
270 2797 332 2852 puer
344 2776 372 2829 in
384 2778 552 2829 adamantem.

157 2860 251 2911 Crocos
263 2877 320 2911 cum
334 2856 444 2910 Smilace
456 2857 484 2909 in
494 2853 576 2910 dores.

157 2937 308 2990 Salmacidis
320 2936 397 2987 fontis
410 2948 508 2988 natura.

155 3011 590 3084 HermaphrodituscumSalmaoide
595 3029 666 3083 nym·

187 3090 237 3166 pha
249 3090 384 3162 copulatus.

154 3168 279 3225 Minoides
292 3168 320 3220 in
330 3167 525 3239 vespertiliones.

155 3253 202 3304 lno
215 3245 372 3302 Athamantis
386 3247 489 3298 uxorin
500 3247 589 3297 Deam.

154 3331 211 3383 Viae
223 3328 255 3381 ad
270 3327 365 3379 lnleros
377 3325 515 3399 descriptio.

154 3413 223 3464 Juno
237 3408 267 3460 ad
278 3407 382 3460 inferos.

88 3499 92 3513 “
155 3489 286 3543 Melicerta
297 3487 324 3538 in
338 3487 423 3539 Deum
434 3484 570 3536 marium.

156 3566 266 3618 Comites
279 3566 338 3617 Inus
350 3565 377 3616 in
388 3574 480 3617 suaet
490 3581 555 3615 aves.

156 3647 266 3698 Cadmus
277 3664 335 3696 cum
346 3664 423 3697 urore
435 3643 462 3694 in
473 3660 589 3717 anguem.

154 3727 251 3801 Jupiter
265 3726 292 3777 in
306 3744 403 3778 aurum.

154 3807 239 3860 Persei
251 3820 327 3879 gesta.

155 3885 239 3938 Guttae
258 3884 388 3959 sanguinis
399 3885 514 3938 Medusa
532 3882 620 3957 capitis
637 3881 665 3935 in

158 3978 401 4097 r.3‘.1¹'.‘.1¹‘..5⁵.·...

156 4117 321 4172 Andromede
333 4134 387 4176 ceto
400 4123 517 4195 exposita.

715 496 833 569 virgulta
844 497 872 550 in
885 498 991 553 toralia.

714 577 886 631 Andromeda
899 578 1044 650 Perseique
1056 583 1164 655 nuptie.

712 651 822 726 Pegasus
833 674 912 726 equus
924 656 1010 709 alatus
1023 660 1175 733 esangnine
1181 661 1232 715 hla-

749 732 824 786 dosa.

713 813 825 867 Medusae
839 813 926 887 capilli
938 814 969 867 in
982 830 1124 891 serpentes.

875 970 1016 1025 LIBER
1040 974 1074 1026 V.

715 1125 844 1199 Cepheues
862 1125 987 1181 Perseum
1010 1115 1188 1205 oppugnantes
1203 1131 1229 1184 is

746 1222 813 1258 ma·

599 1323 608 1351 ,
715 1281 861 1356 Cephenum
874 1284 1003 1338 tumultus
1017 1285 1164 1361 descriptio.

712 1363 823 1417 Phineus
836 1364 932 1436 Cephei
944 1367 1028 1418 trater
1042 1367 1072 1420 in
1084 1381 1197 1421 statuam.

712 1443 811 1498 Preme
825 1443 851 1496 in
865 1443 988 1518 lapidem.

711 1519 857 1594 Polydectes
869 1521 898 1572 in
907 1541 1012 1575 saxum.

674 1602 675 1606 ¹
712 1604 880 1676 Hippocrenes
894 1604 976 1657 fontis
991 1604 1140 1678 descriptio.

712 1679 821 1749 Pyrenei
833 1680 1009 1753 sacrilegium.

714 1757 797 1810 Mese
809 1758 837 1810 in
850 1778 915 1812 aves.

712 1833 824 1888 Pierides
837 1836 863 1887 in
878 1836 954 1908 picas.

713 1913 930 1986 Gigantomachiae
942 1915 1096 1991 descriptio.

713 1993 812 2065 Jupiter
826 1993 852 2044 in
867 1992 983 2047 arietem.

713 2071 804 2143 Apollo
816 2073 843 2124 in
854 2091 967 2125 corvum.

712 2147 825 2202 Bacchus
838 2150 865 2201 in
878 2168 996 2221 caprum.

713 2227 799 2279 Diana
809 2227 836 2279 in
851 2226 934 2280 felem.
1018 2232 1023 2251 ¹

664 2334 667 2339 ·
712 2309 781 2361 Juno
795 2309 823 2360 in
834 2327 945 2360 vaccam.

713 2388 799 2440 Venus
814 2389 842 2439 in
855 2387 957 2460 piscem.

713 2468 852 2522 Mercurius
864 2469 892 2520 in
902 2468 979 2521 ibim.

716 2547 811 2599 Cereris
826 2546 921 2600 landes.

713 2624 870 2697 Proserpinte
883 2637 981 2696 raptus,

714 2703 789 2778 Pergi
802 2703 869 2757 lacus
883 2703 1031 2776 descriptio.

715 2783 801 2852 Cyane
814 2781 928 2856 nympha
939 2782 966 2833 in
979 2795 1114 2855 stagnum.

712 2861 779 2914 Puer
793 2861 937 2913 temerarius
948 2861 975 2912 in
989 2863 1146 2916 stellionem.

713 2940 836 2995 Arethusa
847 2939 959 3012 nympha
971 2939 1003 2990 in
1016 2942 1126 2994 sontem.

714 3017 866 3089 Ascalaphus
879 3017 906 3068 in
921 3015 1065 3071 hubonem.

715 3099 817 3150 Sirenes
830 3097 857 3147 in
870 3115 934 3149 aves.

705 3178 813 3247 Lyncus
826 3195 868 3226 rer
879 3173 1036 3246 Scytharum
1049 3175 1077 3226 in
1090 3175 1197 3248 lyncem.

870 3329 994 3383 LIBER
1025 3334 1077 3385 vt.

714 3488 829 3541 Arachne
843 3489 871 3541 in
886 3506 1013 3540 araneam.

714 3565 841 3618 Arachnes
853 3584 909 3617 curn
924 3564 1030 3618 Pallade
1045 3580 1183 3621 certamen

714 3644 796 3696 Pallas
808 3645 835 3696 in
849 3644 967 3695 vetulam.

713 3724 832 3776 Telorum
852 3722 962 3776 Palladis
983 3724 1170 3798 Arachneeque
1185 3726 1232 3778 de-

747 3802 856 3874 scriptio.

714 3882 817 3935 llaemus
829 3894 853 3934 et
867 3879 991 3954 Rhodope
1005 3882 1035 3934 in
1048 3897 1159 3937 montes.

714 3961 836 4035 Pygmaea
849 3961 877 4013 in
890 3981 987 4033 gruem.

716 4043 843 4112 Antigone
856 4042 883 4092 in
897 4041 1031 4097 ciconiam.

717 4120 825 4191 Cynarte
839 4118 899 4176 filiae
913 4118 941 4172 in
953 4139 1020 4172 sara.
