2760 4710
295 329 817 419 METAMORPHOSEON
840 333 934 402 LIB.
965 335 1078 406 xlv.
1152 337 1219 434 477

154 468 272 570 Cepit3
290 485 323 543 et
338 470 374 542 in
389 469 492 543 'tusci
509 468 676 543 domemus
691 466 841 542 fluminis
855 460 955 546 undis
1167 498 1219 553 mn

153 586 298 660 Nomina
314 585 392 660 fecit
408 613 501 686 aquae
516 614 524 661 :
539 585 579 660 de
596 614 664 686 quo
681 582 912 686 Remulusque
928 585 1084 693 serosque

154 707 281 780 Acrota
300 719 379 777 suut
394 701 522 798 geniti:
539 699 700 777 Remulus
714 700 877 774 maturior
892 702 986 776 annis

155 816 331 895 Fulmineo
346 818 463 919 periit,
481 815 629 891 imitator
641 814 810 906 fulminis,
826 816 905 892 ictu.

156 936 270 1010 Fratre
287 962 349 1008 suo
368 951 534 1034 sceptrum
549 931 750 1007 moderatior
765 934 889 1007 Acrota
903 932 982 1007 forti

157 1050 276 1126 Tradit
293 1050 479 1137 Aeantium
497 1050 572 1149 qui,
591 1078 658 1149 quo
675 1066 847 1145 regnarat,
863 1048 978 1123 eodem
1171 1075 1224 1151 ως

157 1165 278 1238 Monte
290 1163 376 1263 jacet
390 1164 540 1266 positus,
560 1163 744 1264 tribuitque
760 1161 920 1237 voeabula
936 1165 1053 1238 monti.

206 1281 347 1381 Jamque
362 1277 520 1353 Palatinae
538 1307 697 1353 summam
713 1280 819 1357 Proca
835 1279 943 1376 gentis
959 1280 1112 1357 habebat.

159 1400 250 1493 Rege
266 1398 331 1472 sub
348 1397 414 1472 hoe
430 1397 582 1472 Pomona
599 1396 683 1485 suit3
703 1423 768 1497 qua
782 1394 875 1469 nulla
891 1396 1025 1472 Latinas
1150 1384 1156 1393 ⁵

158 1514 249 1588 luter
267 1512 512 1614 Hamadryadas
530 1510 634 1586 coluit
648 1510 803 1587 solertius
819 1512 956 1602 hortos,

156 1629 227 1703 Nee
243 1626 307 1701 fuit
325 1628 455 1702 arborei
473 1627 657 1704 studiosior
667 1625 768 1700 altera
786 1625 906 1714 fotus,
1172 1651 1224 1706 ess

158 1745 258 1820 Unde
277 1762 366 1820 tenet
379 1773 502 1820 nomen
517 1774 525 1819 :
539 1772 609 1818 non
627 1742 725 1818 silvas
741 1742 816 1832 illa,
832 1772 893 1819 nec
908 1773 1038 1836 amnes;

160 1864 235 1937 Rus
254 1880 359 1952 amat,
378 1880 412 1938 et
428 1890 557 1951 muros,
576 1860 682 1935 felicia
695 1888 796 1962 poma
811 1858 961 1937 ferentes.

160 1980 231 2053 Nec
245 1977 354 2080 jaculo
372 1980 480 2076 gravis
495 1994 564 2065 est,
582 1976 640 2052 sed
654 1976 780 2051 adunca
796 1975 927 2050 dextera
944 1977 1041 2068 salce3

162 2140 665 2213 gessitlexcarmiuis.-Tnscsssfisnetr,
719 2149 792 2194 terea
810 2138 968 2194 serrandum
989 2140 1121 2210 arbitror,
1139 2144 1223 2204 donee

162 2220 259 2273 Albula
268 2259 275 2286 ‚
284 2220 313 2272 in
319 2220 393 2288 cujus
404 2218 668 2286 trajectusubmersus
716 2217 826 2270 meliora
837 2216 1013 2287 prolenntor.
1024 2218 1104 2273 Forte
1116 2221 1165 2277 hoc
1176 2243 1223 2278 eo·
1316 2252 1320 2258 ·

162 2297 313 2353 Tiberinus.
607 2299 618 2319 ⁸
716 2314 832 2366 gnomen
855 2294 963 2349 adhesit
982 2298 1081 2352 Proca.
1098 2301 1224 2373 —Regii

194 2376 251 2429 διδ.
269 2377 311 2429 De
329 2394 376 2444 qen
395 2375 528 2426 stemus.
537 2412 542 2424 .
551 2372 668 2425 Acrota.
717 2373 800 2427 nostri
812 2373 889 2426 ambo
902 2373 965 2427 dant
977 2374 1112 2430 Palatinus
1122 2398 1223 2432 suusne

162 2454 317 2510 &cundum
330 2453 450 2519 Livium,
469 2448 589 2505 Tiberini
601 2449 669 2504 lilius
715 2455 774 2506 loca
789 2459 873 2520 palis
888 2455 1012 2523 debebam·
1029 2455 1065 2509 ita
1083 2467 1110 2510 et
1130 2477 1223 2513 omues

160 2530 213 2585 tuit
236 2532 358 2602 Agrippa
381 2531 445 2585 Post
466 2546 529 2582 enm
551 2526 669 2597 regnarit
716 2531 920 2586 sliicodieeszsi
932 2533 1068 2587 Palatinas
1076 2534 1224 2590 nonluerit

162 2608 398 2674 tenutissnvim,
407 2608 451 2678 qui
462 2606 574 2660 fulmine
586 2606 667 2672 ictus,
716 2627 863 2679 cognomen
874 2608 992 2664 additum
999 2614 1105 2676 Proca,
1123 2616 1230 2684 optime

162 2707 274 2758 mgnum
287 2689 394 2743 tradidit
407 2688 591 2742 Aeantium-
601 2686 668 2738 Μο-
717 2689 782 2743 mibi
797 2689 901 2743 ridetur
916 2690 1008 2756 lertio,
1026 2711 1106 2760 quarn
1125 2696 1223 2766 recepit

161 2771 238 2819 turim
250 2772 334 2819 sarrs.
350 2764 425 2819 Basil.
438 2771 559 2819 maturior
567 2768 665 2827 ωιίεῐ
717 2764 863 2836 Gierigius,
881 2778 910 2820 ut
922 2786 1014 2822 ornnes
1025 2769 1068 2822 alii
1078 2769 1141 2823 edit.
1152 2791 1224 2826 rete·

161 2844 358 2898 unusVossian.
369 2851 444 2909 criu
457 2844 582 2898 Heinsius
593 2851 668 2912 putat
717 2855 810 2915 perant
818 2863 849 2896 er
858 2845 971 2915 Nauger.
983 2865 1093 2915 eamque
1106 2848 1224 2919 ineptam

162 2927 215 2976 eri.
227 2922 303 2992 Regii
314 2922 416 2977 codices
423 2929 510 2985 annal,
525 2933 552 2976 et
562 2940 623 2975 eave
632 2939 668 2974 ns
717 2920 784 2975 male
802 2924 955 2991 pronuntiat
967 2923 1059 2977 Heins.
1074 2926 1118 2995 qui
1134 2926 1224 2983 forsan

164 3000 225 3069 quid
235 3011 328 3053 mutes.
336 3003 539 3062 lid-Possim,
552 3007 667 3064 utsr'tss,
717 3000 1225 3078 ineptiorest,ineq‘slocavideusvestigia

164 3079 197 3134 de
207 3078 317 3148 sepulto.
717 3081 844 3132 corcellas.
857 3075 990 3131 Omnibus
998 3091 1086 3133 autem
1095 3082 1225 3140 codicibus

197 3159 254 3212 lias.
276 3158 377 3210 Summa
387 3158 485 3227 gentis,
497 3157 531 3212 de
543 3159 668 3228 imperio,
717 3157 745 3210 in
760 3155 882 3210 eamdem
896 3157 1036 3213 lectionem
1052 3165 1227 3234 conspiranti-

165 3238 232 3291 bene
249 3234 346 3296 habet;
362 3253 460 3287 samara
475 3243 570 3302 sceptri*
582 3235 668 3302 xltl,
718 3235 779 3301 bus,
793 3254 852 3288 eam
868 3237 1042 3290 revocandam
1060 3258 1161 3294 censeo.
1175 3243 1224 3296 Ed,

126 3346 129 3351 >
168 3316 230 3378 sliu
246 3332 344 3366 summa
354 3316 455 3365 settle:
465 3313 567 3377 Ponto,
586 3313 630 3379 ll,
644 3330 668 3378 t,
718 3314 811 3366 -Pro
821 3316 939 3373 herbas.
954 3315 1225 3370 multisetereslate'·

166 3394 205 3461 46.
221 3391 276 3447 Sed
289 3391 434 3462 quaeritur,
449 3408 502 3458 quo
515 3407 593 3443 sensu
608 3407 672 3456 {ess
718 3407 779 3453 ποις
793 3403 933 3458 utrumque
947 3391 1024 3445 bene.

165 3476 287 3529 Palantia
295 3473 362 3527 dicta
370 3472 410 3525 sit.
418 3470 540 3543 Micyllus
547 3468 672 3538 explicat,
752 3467 809 3521 525.
816 3471 916 3529 Altera,
926 3469 980 3523 alia
990 3468 1113 3540 Nympha
1119 3487 1227 3537 operam

167 3571 225 3623 quse
236 3552 304 3606 cirea
317 3550 447 3604 Palatium
461 3559 488 3602 et
500 3567 530 3602 en
542 3548 614 3611 lora,
627 3545 673 3599 nbi
720 3542 786 3597 dana
796 3546 921 3599 arborum
932 3548 1041 3601 culture
1050 3545 1117 3598 bene
1130 3545 1227 3600 deseri·

167 3637 256 3699 postea
265 3628 352 3681 Roma
363 3625 468 3680 condita
478 3624 543 3689 luit,
557 3635 613 3677 turn
627 3622 673 3675 lta·
720 3621 954 3685 bitum-Rama,
968 3625 1081 3677 arbores.
1090 3625 1228 3678 -Felicr'a

167 3705 272 3761 bitabat.
287 3707 410 3775 Ineptum
419 3705 470 3758 hoc
481 3702 673 3772 judieatllein·
715 3718 807 3767 porra.
822 3713 850 3755 ut
860 3702 915 3769 lx,
925 3722 966 3774 qa.

167 3783 232 3850 sius,
243 3784 287 3852 qni
293 3783 612 3848 suadet,Palal1lrerupis‚
628 3783 674 3833 s'ut
753 3778 810 3831 tae.
829 3782 941 3839 Gravis.
965 3788 1076 3849 gravata.
1094 3806 1127 3821 -
1143 3781 1224 3844 Falx,

167 3861 285 3914 Palatini
288 3864 362 3912 collis
372 3879 391 3912 s.
400 3865 499 3912 monus.
507 3860 609 3911 Verum
617 3874 672 3910 nou
720 3855 804 3910 culter
820 3856 963 3911 vinitorum
978 3874 1072 3912 curvus
1084 3855 1115 3910 ad
1129 3875 1226 3926 ampu-

168 3937 312 3992 admodum
334 3949 427 4007 potens
446 3956 508 4003 rex,
534 3935 579 4005 qni
601 3936 673 4006 rupis
721 3933 985 3988 taudaslrondes.-
998 3935 1150 4001 ll'ecjaculo
1161 3956 1228 4005 pra..

165 4035 298 4070 summam
310 4016 396 4070 habet.
416 4015 510 4084 Quum
527 4013 600 4068 MSS
616 4013 673 4068 lere
720 4013 876 4068 se'setc.Nee
883 4012 973 4067 dextra
981 4014 1227 4083 Pomonnjaculum

169 4112 262 4150 munes
281 4097 415 4148 Palatinas
431 4093 560 4167 babeant,
580 4089 606 4148 id
624 4091 673 4146 in·
722 4100 804 4161 gestat
810 4111 818 4159 ς
830 4087 877 4145 sed
888 4088 998 4159 laleem,
1011 4109 1062 4160 qua
1071 4091 1229 4150 luxuriantes
