2760 4710
197 354 237 423 φ
471 335 512 400 Ρ.
540 334 713 404 ovtuu
743 336 967 407 uasouts

197 502 215 536 a
236 471 315 545 AEra
330 470 406 544 cibo
423 470 526 559 celas,
544 474 733 549 moderator
746 477 937 565 arundinis,
954 479 1084 579 iuquit,

196 620 214 650 n
235 587 289 659 stc
306 616 393 661 mare
411 590 651 689 compositum,
668 592 716 664 sic
734 592 778 664 sit
794 594 856 667 tibi
873 595 973 694 piscis
990 595 1024 667 in
1042 593 1131 668 unda

196 735 214 765 >t
234 701 416 789 Creduius,
434 722 466 777 et
481 704 611 793 nullos,
630 707 696 780 uisi
713 708 816 796 fixus,
835 711 955 783 sentiat
969 709 1108 783 hamos:

194 849 214 883 υ
236 819 321 914 Qua
334 819 433 893 modo
451 850 526 893 eum
543 820 600 894 vili
619 822 760 898 turbatis
775 841 863 897 veste
881 823 1010 924 capillis

196 965 215 999 ³>
235 934 349 1008 Litore
365 934 400 1008 in
416 936 480 1011 hoc
498 954 651 1023 steterat,
670 967 744 1012 nam
762 957 901 1013 stantem
917 940 952 1013 in
968 938 1063 1012 litore
1081 938 1168 1025 vidi,
1203 962 1254 1013 sao
1327 1033 1329 1039 Ι

195 1081 215 1114 »
239 1048 321 1136 Die,
336 1050 395 1123 ubi
412 1052 475 1139 sit;
494 1081 601 1153 neque
618 1053 704 1126 euim
724 1054 860 1149 vestigia
878 1053 1010 1149 lougius
1026 1071 1163 1128 exstant.
1180 1087 1200 1120 »

195 1163 257 1239 ttta
275 1168 337 1240 Dei
355 1197 476 1243 munus
492 1169 578 1243 bene
592 1169 705 1242 cedere
722 1171 841 1257 sentit,
857 1188 891 1244 et
908 1199 927 1242 a
944 1200 979 1244 se

194 1284 237 1358 Se
257 1286 356 1385 quaeri
373 1286 537 1383 gaudeus,
554 1287 608 1360 his
625 1304 675 1361 est
691 1307 838 1362 resecuta
854 1306 1049 1383 rogantem:

200 1432 218 1464 «
236 1401 401 1503 Quisquis
419 1433 473 1490 es,
493 1404 665 1498 ignoscam
682 1405 717 1477 iu
734 1403 858 1478 nullam
877 1403 1000 1478 lumina
1018 1419 1145 1502 partem

197 1546 217 1581 u
239 1516 378 1613 Gurgite
393 1518 434 1591 ab
451 1519 516 1592 hoc
534 1518 628 1606 flexi3
648 1520 826 1621 studioque
843 1538 997 1621 operatus
1015 1519 1150 1593 inhaesi:
1207 1541 1258 1594 86⁵

197 1661 218 1697 a
239 1631 386 1732 Quoque
400 1635 510 1707 minus
527 1635 680 1724 dubites,
699 1637 747 1710 sie
763 1635 824 1710 has
842 1638 935 1711 Deus
952 1634 1091 1736 equoris
1108 1651 1195 1708 artes

198 1779 217 1812 >t
237 1748 400 1846 Adjuvet,
418 1767 456 1823 ut
472 1779 569 1823 nemo
583 1751 774 1850 jamdudum
792 1751 887 1827 litore
901 1753 936 1830 in
953 1750 1038 1837 isto,

198 1893 217 1926 »
238 1863 296 1934 Me
315 1879 422 1936 tamen
440 1882 596 1964 excepto,
615 1895 674 1939 uec
691 1867 812 1943 femina
829 1866 979 1941 constitit
995 1863 1072 1939 ulla.
1093 1897 1110 1930 »

200 1975 370 2064 Credidit,
388 1995 422 2052 et
437 2006 531 2052 verso
548 1978 703 2056 dominus
716 1981 800 2083 pede
817 1982 938 2083 pressit
952 2009 1101 2068 arenam;

197 2091 387 2193 Elususque
405 2095 510 2168 abiit:
524 2094 573 2168 illi
587 2127 645 2171 sua
661 2097 789 2172 reddita
803 2099 907 2170 forma
927 2115 985 2170 est.
1208 2118 1259 2186 870

198 2207 262 2280 Ast
277 2207 337 2281 ubi
352 2209 472 2284 habere
489 2240 581 2284 suam
598 2212 805 2287 transformia
823 2242 964 2316 corpora
982 2215 1103 2302 sentit,

198 2324 291 2424 Saepe
309 2343 402 2425 pater
419 2326 561 2400 dominis
577 2328 756 2427 Triopeida
771 2328 902 2403 vendit:
920 2347 954 2402 at
970 2327 1026 2403 itta

199 2439 297 2514 Nunc
316 2469 417 2541 equa,
435 2471 524 2514 nunc
541 2440 607 2514 ales
619 2498 628 2528 ,
642 2442 742 2516 modo
758 2443 842 2531 bos,
860 2443 961 2517 modo
979 2472 1092 2519 cervus
1108 2443 1242 2530 abibat;

199 2550 437 2661 Praebebatque
456 2557 552 2631 avido
570 2586 638 2630 non
654 2560 742 2657 justa
759 2560 910 2634 alimenta
927 2561 1066 2661 parenti.

233 2773 289 2827 856.
305 2776 381 2829 (ΕΜ.
402 2771 503 2824 hamus.
521 2770 628 2837 Etiam,
645 2773 705 2839 Vl,
754 2776 1079 2842 ratmundus-Iubes!
1087 2775 1261 2826 attentionem

200 2852 268 2904 Fast.
284 2853 339 2917 ²4⁰·
355 2853 451 2917 Quique
461 2857 547 2916 legun!
554 2856 641 2915 parrr's
656 2871 707 2904 era
755 2850 1037 2906 declaratArtesidem
1047 2869 1126 2919 quam
1136 2850 1260 2904 studium.

199 2944 301 2977 recursa
312 2927 460 2978 cibis-Sic
468 2925 615 2994 adhibetur,
624 2948 706 2997 quum
757 2929 890 2983 Posterior
902 2946 959 2995 pars
969 2928 1143 2995 responsionis
1153 2945 1208 2977 non
1218 2946 1262 2978 sa-

201 3002 356 3055 obtestando
377 3004 472 3074 aliquid
490 3005 522 3056 ab
542 3005 622 3058 altero
639 3006 708 3075 peti·
756 3008 788 3061 tis
796 3005 918 3060 convenit
927 3004 1020 3072 priori,
1034 3022 1083 3071 qua
1095 3013 1172 3071 negat
1182 3021 1208 3055 se
1218 3003 1262 3055 ul-

201 3099 275 3144 mus,
289 3080 365 3149 eique
379 3081 487 3135 vicissim
500 3082 596 3151 aliquid
609 3103 707 3154 appre-
755 3083 846 3136 iamin
860 3091 960 3150 partem
973 3079 1060 3133 oculos
1071 3080 1177 3133 flexisse.

200 3177 299 3211 ramur.
319 3158 378 3211 Hoc
403 3159 459 3212 loro
478 3171 569 3212 votum
590 3160 709 3231 piscatori
788 3161 844 3228 871.
864 3158 1054 3224 Transsorm'm
1073 3176 1131 3228 quae
1150 3158 1260 3211 transire

202 3237 569 3309 gratissimum-Composita.
578 3259 708 3308 quaeeurn-
756 3247 863 3308 possum
872 3235 900 3286 in
910 3234 970 3288 alias
977 3235 1082 3289 formas.
1090 3236 1159 3289 Fau.
1168 3237 1195 3302 l,
1205 3237 1261 3305 373.

202 3335 253 3386 que
270 3314 382 3383 placida,
396 3326 425 3368 ut
440 3315 519 3368 homo
533 3336 546 3369 a
561 3319 661 3372 feritate
676 3315 708 3369 ad
760 3313 928 3380 transm
944 3317 1054 3369 Proteus.
1075 3314 1258 3385 Palaephatus,

202 3392 433 3447 mansuetudinem
451 3406 602 3461 revocatus,
621 3393 708 3447 civitas
755 3412 809 3461 cap.
822 3395 868 3460 24,
882 3403 970 3462 putat,
989 3404 1107 3446 amantes
1120 3393 1258 3445 ventitasse

202 3473 378 3543 pacesruens,
391 3491 462 3524 snare
473 3474 556 3526 ventis
566 3471 708 3541 nonagita·
756 3469 789 3522 ad
810 3469 979 3524 formosuiam
1004 3471 1111 3523 Metran
1124 3509 1132 3535 ,
1154 3479 1241 3521 tauros
1254 3507 1263 3534 ,

202 3564 266 3607 tum.
282 3580 315 3594 -
329 3554 471 3606 Credulitas
486 3552 594 3621 piscium
611 3550 705 3616 etiam,
756 3569 852 3619 equos,
865 3568 926 3602 oves
934 3549 1088 3614 offerentes,
1102 3546 1193 3616 quibus
1202 3543 1263 3596 Eri-

204 3630 289 3696 XIII,
304 3630 362 3701 934.
755 3627 875 3682 sichthon
889 3639 962 3697 pater
974 3627 1118 3681 ditesceret.
1135 3624 1206 3677 Hinc
1216 3622 1262 3675 flu·

235 3708 291 3760 852.
300 3711 327 3759 A
337 3727 401 3760 sese
412 3713 489 3777 quaere'
498 3707 612 3772 dictum,
625 3714 654 3756 ut
664 3702 706 3768 il,
756 3704 817 3757 xisse
835 3703 956 3758 fabulam.
970 3733 1002 3744 -
1016 3700 1199 3761 Erisiehthon,
1218 3700 1263 3752 ubi

204 3784 708 3859 704,ldemihs'prodis?-Reseculavide
755 3782 824 3836 bona
840 3801 885 3835 sua
902 3782 991 3835 omnia
1005 3781 1065 3833 lusu
1082 3777 1261 3848 dilapidasset,

204 3861 709 3938 sdV1,3s».—Sludio.piscationi,ope-
756 3859 865 3914 demum
885 3870 912 3912 et
930 3860 1009 3913 filiam
1027 3858 1179 3927 prostituit:
1198 3855 1264 3908 iilius

203 3946 289 4002 talus,
308 3963 413 4013 operam
432 3949 502 4000 dans.
516 3947 618 4015 Supra,
635 3945 706 4010 Vll,
756 3958 819 3991 vero
827 3939 908 3992 aetatis
918 3938 1053 4003 homines,
1067 3948 1127 3990 ante
1136 3954 1207 3989 cusas
1215 3953 1263 4002 pe-

205 4019 269 4084 751,
286 4025 377 4074 studiis
388 4033 490 4092 operata
499 4026 597 4076 Druna.
613 4021 708 4091 Virgi-
755 4019 861 4084 eunias,
877 4038 969 4088 pecora
987 4017 1095 4086 aliasque
1109 4032 1208 4067 merces
1220 4012 1264 4063 in-

204 4093 268 4162 iius,
280 4094 341 4151 AEu.
354 4099 411 4168 lli,
424 4103 489 4169 235,
504 4103 639 4155 consutus
649 4118 710 4170 ope-
755 4100 839 4154 sicem
850 4096 1042 4170 permutabant
1057 4095 1102 4152 ttta
1113 4094 1215 4162 itaque,
1227 4090 1261 4143 ab
