2760 4710
230 293 269 360 16
492 295 532 359 P.
565 292 743 360 OVIDII
769 292 993 365 NASONIS

221 432 467 536 Multiplicique
483 432 602 521 domo,
619 435 776 535 caecisque
792 436 958 511 includere
977 437 1083 513 tectis.

221 548 394 637 Daedalus,
413 549 545 646 ingenio
561 548 660 624 fabrae
677 550 908 626 celeberrimus
923 553 1021 641 artis,

221 664 322 738 Ponit
337 692 439 766 opus;
459 665 634 765 turbatque
651 684 766 754 notas,
786 684 818 738 ct
833 666 958 742 lumina
973 669 1094 743 flexum

220 780 324 854 Ducit
339 778 373 852 in
389 808 532 854 errorem
548 779 708 855 variarum
723 781 858 876 ambage
874 784 1010 858 viarum.

219 897 297 970 Non
314 922 408 970 secus
423 924 460 970 ac
476 895 623 997 liquidus
641 897 793 997 Phrygiis
811 897 1000 973 Maeandros
1017 901 1052 972 in
1069 901 1154 976 arvis

254 1083 493 1150 158.Maitipiiciqae
500 1085 581 1138 daura.
590 1090 638 1134 etc.
646 1079 721 1149 lnge·

218 1156 360 1213 niosissima
367 1157 505 1229 descriptio
512 1156 649 1229 labyrinthi
657 1155 722 1210 Cre·

219 1237 315 1303 tensis,
333 1237 361 1289 in
379 1255 430 1305 qua
449 1248 508 1289 ante
524 1234 612 1287 oculos
630 1233 723 1285 babuit

218 1314 376 1381 AEneidem,
398 1314 439 1378 V,
454 1313 502 1365 588
513 1330 567 1379 sqq.
582 1308 683 1362 Confer
694 1319 720 1362 et

219 1392 354 1447 Catullum
367 1432 375 1459 ,
397 1390 476 1456 LXl,
499 1409 562 1452 1123
586 1387 719 1453 Plinium,

219 1473 354 1538 XXXVI,
376 1471 424 1533 13;
444 1467 610 1532 Diodorum,
630 1466 657 1530 l,
679 1465 720 1518 lit.

217 1551 344 1605 Struxisse
364 1546 501 1600 Daedalum
521 1544 569 1597 boc
581 1541 721 1595 edificium

219 1630 251 1683 ad
264 1627 395 1696 exemplar
410 1623 556 1694 Egyptiaci
570 1622 657 1688 illius,
674 1620 720 1673 sed

219 1707 388 1761 centesimam
411 1712 514 1756 tantum
540 1702 596 1768 ejus
619 1711 721 1770 partem

219 1785 349 1837 imitatum
362 1798 432 1845 esse,
453 1796 510 1848 quae
523 1778 648 1832 itinerum
666 1797 721 1831 am·

217 1865 480 1932 bages,occursusque
489 1869 516 1913 et
523 1876 641 1912 recursus
647 1859 721 1912 iner-

219 1937 348 2009 plicabiles
363 1937 525 2002 contineret,
544 1936 640 1990 crebris
652 1936 721 1989 lori-

219 2017 267 2068 bus
283 2013 371 2067 inditis
389 2012 420 2066 ad
428 2011 564 2079 ,fallendos
580 2031 720 2078 occursus,

219 2090 437 2159 redeundumque
448 2091 475 2142 in
488 2108 589 2144 errores
599 2089 720 2154 eosdem,

220 2178 310 2223 auctor
326 2178 365 2221 est
378 2167 495 2233 Plinius,
507 2166 577 2219 dicto
591 2167 655 2220 loco.
668 2166 721 2220 Sed

220 2266 301 2316 quum
317 2264 398 2298 nemo
417 2246 545 2297 Veterum
563 2243 613 2297 boc
623 2262 723 2296 mouu-

219 2335 341 2378 mentum
355 2324 407 2393 ipse
424 2321 533 2389 viderit,
556 2340 642 2390 neque
662 2320 722 2372 Ho-

219 2421 328 2470 merus,
346 2403 390 2471 qui
407 2420 474 2470 sepe
490 2399 598 2454 Cretam
615 2396 720 2461 laudat,

220 2482 276 2550 ejus
287 2481 450 2534 mentionem
460 2478 549 2531 fecerit
560 2515 568 2541 ,
584 2494 665 2544 quum
673 2473 722 2526 de-

220 2559 299 2629 nique
310 2577 403 2629 parum
415 2554 537 2610 credibile
550 2554 597 2619 sit,
613 2553 666 2620 jam
678 2569 722 2604 art·

219 2636 367 2708 tiquissimis
378 2631 537 2699 temporibus
546 2629 595 2682 tale
604 2640 723 2683 tantum·

220 2737 270 2786 que
279 2713 417 2768 edificium
425 2728 478 2761 csse
486 2718 657 2773 exstructum,
666 2726 721 2760 non

219 2794 310 2847 dubito
321 2787 442 2842 accedere
455 2786 591 2840 sententie
604 2785 721 2840 Cedreni

219 2880 246 2924 et
257 2866 400 2932 Eustatbii,
413 2883 470 2933 que
480 2863 634 2918 confirmata
642 2865 721 2917 etiam

219 2957 279 3001 esta
290 2942 446 3011 Taamefirrt,
460 2943 560 3011 Vayage
566 2945 599 2995 da
609 2944 720 3006 Iaeaaat,

221 3033 285 3076 tom.
296 3021 325 3087 1,
338 3040 363 3090 p.
377 3018 410 3072 65
423 3039 430 3072 ε
445 3019 521 3073 luisse
534 3037 630 3087 nempe
643 3019 721 3090 laby-

220 3098 338 3154 rinthum
347 3097 420 3150 illum
429 3096 494 3149 nibil
505 3094 589 3162 aliud,
602 3095 651 3148 nisi
662 3114 722 3165 spe-

218 3179 323 3232 luncam
345 3178 541 3232 subterraneam
555 3195 616 3230 cum
633 3176 722 3229 multis

220 3255 384 3324 ambagibus,
394 3254 421 3305 in
431 3272 482 3322 qua
489 3272 530 3306 ars
537 3252 664 3321 adjuverit
673 3272 722 3305 na-

220 3343 316 3386 turam.
331 3329 438 3385 confer.
453 3334 563 3399 Gogaet,
576 3352 625 3384 aaa
638 3333 722 3398 Uespe.

221 3415 245 3465 d.
261 3413 378 3473 Gesetre,
391 3420 453 3462 tom.
463 3411 505 3474 11,
522 3411 654 3478 p.185.-
667 3413 723 3464 Da-

221 3511 276 3546 mas
287 3493 423 3556 multiplex.
439 3488 634 3558 Apollodorus,
652 3489 722 3546 dicto

221 3570 294 3635 loco,
313 3577 396 3635 stirp«
406 3579 506 3634 raptatis
517 3572 723 3627 κολυιλίκοιςιλα-

222 3659 265 3702 νῶν
281 3656 322 3711 τὴν
335 3651 417 3714 ’σ’ξοθον.
430 3672 462 3684 -
476 3645 569 3703 Caeci,
589 3644 617 3696 in
630 3645 722 3713 quibttt

222 3727 308 3779 nullus
323 3734 478 3796 prospectus.
495 3722 634 3793 Virgilius,
653 3723 722 3777 dicto

221 3801 296 3869 loco,
308 3810 382 3857 cacis
392 3804 537 3870 parientes.

257 3882 310 3949 ¹⁵9·
322 3883 456 3941 Dedaias,
469 3897 565 3948 genere
575 3878 723 3933 Athenien-

221 3955 270 4021 sis,
288 3977 319 4009 ex
328 3959 357 4012 iis
368 3979 436 4013 unus
448 3960 493 4029 qui
503 3961 659 4013 Erechthida
669 3978 723 4012 vo·

222 4046 331 4104 cantur,
347 4037 411 4092 adeo
424 4039 560 4109 preclarus
572 4039 622 4093 suit
637 4038 723 4093 archi-

1230 693 1275 747 ido

770 1091 868 1147 tectus,
888 1092 917 1135 ut
938 1093 965 1136 et
982 1102 1062 1153 opera
1083 1084 1204 1153 quedam
1222 1088 1276 1141 mi·

768 1157 850 1210 randa
859 1159 987 1225 effecerit,
1001 1170 1028 1212 et
1036 1171 1196 1230 statuasque
1207 1165 1276 1233 aspi-

769 1254 844 1301 cere,
857 1235 1041 1304 ambulareque
1054 1275 1062 1302 ,
1082 1248 1109 1291 et
1120 1238 1217 1306 spirare
1234 1243 1275 1294 vi-

768 1310 918 1377 debantur,
937 1312 1088 1376 effinxerit3
1111 1325 1189 1383 atque
1212 1314 1274 1370 binc

768 1391 889 1443 Dedalea
906 1401 999 1444 vocant
1011 1389 1095 1445 Greci
1109 1411 1189 1462 opera
1203 1397 1274 1448 eisi-

768 1491 831 1535 pm
844 1486 851 1520 ι
862 1467 912 1521 boc
918 1478 973 1532 est,
988 1487 1045 1537 quae
1053 1480 1146 1539 sponte
1157 1489 1203 1524 sua
1213 1489 1274 1524 mo-

768 1555 879 1611 ventur,
901 1555 946 1598 aut
965 1566 1056 1600 vocem
1073 1547 1164 1602 edunt
1182 1551 1275 1602 Ed.-

767 1624 851 1676 Fadra
862 1642 920 1682 ars.
934 1624 1113 1678 architectura.
1125 1654 1160 1667 -
1171 1630 1274 1695 lagenea

767 1705 844 1759 artis,
862 1701 907 1766 iis,
921 1719 978 1770 quae
989 1701 1122 1772 ingeniose
1132 1704 1233 1757 invenit
1244 1703 1273 1754 in

768 1797 798 1830 ea
807 1789 869 1832 arte.
878 1778 1005 1833 Similiter
1015 1800 1094 1850 propo
1104 1781 1204 1835 Plinius
1211 1821 1219 1848 ,
1226 1800 1274 1851 pa-

768 1876 858 1929 negyr.
871 1874 951 1923 xnrx,
972 1879 1001 1927 7,
1022 1864 1268 1924 rageniacaenaram,

769 1935 813 1987 ubi
827 1934 884 1988 ride
897 1945 1014 1987 notas·
1022 1936 1114 1987 Turba!
1123 1946 1210 1998 aetas,
1223 1939 1274 1990 sci-

767 2013 827 2066 licet
845 2013 963 2076 riarum,
980 2010 1119 2063 confundit
1137 2030 1196 2077 eas,
1216 2031 1272 2066 non

767 2110 825 2143 suas
836 2089 929 2157 cuique
943 2087 987 2140 dat
1000 2097 1097 2154 notas,
1117 2089 1163 2142 sed
1179 2092 1272 2143 omni-

767 2165 815 2217 bus
826 2160 937 2215 easdem.
952 2162 1023 2215 Hinc
1031 2161 1146 2232 dignosci
1158 2183 1213 2217 oon
1224 2185 1273 2234 po-

769 2250 862 2293 terant.
883 2239 1027 2308 Virgilius,
1045 2240 1115 2295 dicto
1136 2244 1192 2296 loco
1205 2263 1211 2297 :
1222 2265 1273 2313 pua

767 2323 841 2385 signa
854 2319 974 2386 sequendi
986 2321 1094 2372 Fallere!
1110 2324 1272 2389 indeprensus

766 2405 792 2448 et
803 2399 964 2448 immutato
973 2415 1046 2450 errae.
1053 2424 1086 2436 -
1094 2399 1210 2459 Herum,
1224 2420 1272 2469 pro

768 2472 865 2543 vulgari
875 2477 962 2543 gieta,
980 2495 995 2527 e
1013 2475 1167 2529 Florentino
1183 2477 1273 2531 Sancti

769 2552 870 2619 lllarci,
887 2552 1003 2605 secundo
1015 2553 1151 2621 Palatino,
1166 2556 1273 2626 Neapo-

767 2628 864 2696 litano,
880 2628 995 2698 Spirensi
1007 2641 1034 2684 et
1046 2631 1127 2686 tribus
1138 2632 1192 2686 aliis
1200 2632 1272 2690 dedit

769 2709 908 2761 Heinsius:
920 2707 973 2761 duo
980 2720 1080 2764 veteres
1088 2750 1096 2777 ,
1097 2714 1184 2780 steca,
1197 2731 1273 2766 nem-

768 2807 820 2857 pe,
841 2791 953 2855 ambage.
974 2789 1050 2858 Regii
1073 2789 1177 2855 nostri,
1198 2795 1273 2855 fieta.

767 2892 801 2904 -
812 2868 914 2918 tieem
929 2865 1052 2934 poetice,
1072 2866 1132 2934 quia
1152 2865 1199 2934 ipsi
1218 2884 1272 2918 an-

767 2943 878 3008 fractus,
894 2946 1027 3010 ambages,
1048 2941 1115 2995 flexi.
1132 2941 1270 3011 Virgilius:

767 3028 820 3090 lpse
833 3025 905 3076 dolas
917 3023 977 3076 tecti
993 3025 1155 3090 ambagesque
1165 3025 1271 3075 resolvit.

804 3102 855 3156 rba.
869 3104 991 3171 lr‘gaidas
1002 3104 1175 3172 Phrygioue.
1196 3102 1272 3155 Prior

769 3179 912 3234 Twisdenii
931 3181 1040 3246 liquidas
1056 3180 1180 3249 Phrygias
1192 3181 1229 3231 M.
1245 3188 1272 3234 ia

768 3275 860 3322 arcas,·
873 3258 900 3310 id
912 3269 966 3323 est,
981 3268 1083 3311 arcuata
1100 3260 1270 3326 curvamina,

769 3337 839 3407 quod
854 3337 937 3407 placet
949 3337 1066 3390 Heinsio.
1079 3338 1215 3407 -Regius
1230 3340 1270 3406 A,

767 3418 869 3484 quae'dis
885 3417 1010 3485 Phrygius
1021 3415 1059 3465 M.
1073 3419 1100 3466 ia
1110 3419 1202 3480 Μὴ·
1213 3432 1271 3482 quas

768 3493 844 3547 lectio
855 3491 998 3561 elegantior
1018 3492 1083 3545 mibi
1095 3492 1204 3545 videtur.
1220 3494 1269 3545 Et.

769 3595 802 3607 —
815 3568 856 3621 De
868 3570 994 3621 Heaada'
1001 3568 1098 3623 lusibus
1110 3567 1168 3619 vide
1179 3567 1210 3618 ad
1225 3568 1252 3619 ll
1262 3607 1270 3634 ,

770 3645 818 3712 246
828 3667 834 3708 ;
846 3656 873 3699 et
884 3647 981 3701 confer.
993 3647 1092 3701 Seneca
1102 3683 1110 3710 ,
1125 3645 1204 3697 Herc.
1220 3644 1271 3697 sur.

769 3723 833 3784 68&
846 3723 938 3777 Pboen.
947 3724 1013 3788 5052
1028 3723 1124 3786 Silius,
1138 3720 1202 3786 Vll,
1218 3721 1272 3794 ¹39·

770 3800 884 3868 Seneca,
897 3803 984 3871 priore
991 3800 1063 3853 loco:
1075 3802 1272 3865 (iaaiisiacertis

769 3900 850 3948 vagas
860 3882 989 3934 ituenda
996 3883 1070 3933 uadis
1079 3889 1160 3938 errat,
1171 3882 1238 3932 ladit
1247 3887 1273 3929 et

767 3963 837 4012 aedit
851 3965 915 4021 siti,
938 3962 1068 4027 lastatgae
1086 3962 1192 4017 dubias,
1211 3960 1272 4009 ie'tas

769 4039 907 4109 austratem
919 4038 1270 4108 petat-Antigrotapsns
1332 4110 1335 4121 Ι
