2760 4710
155 278 220 344 302
425 277 463 340 P.
490 275 670 342 OVIDII
696 276 921 345 NASONIS

152 413 285 490 Adtulit
300 413 335 486 iu
348 412 488 514 patriam
504 441 512 485 :
528 412 770 512 conjurotaeque
785 434 971 516 sequuntur

153 529 249 606 Mille
265 545 371 615 rates,
390 530 563 629 gentisque
582 528 677 602 simul
694 557 867 603 commune
886 530 1053 625 Pelasga:

153 647 221 720 Nec
239 645 342 718 dilata
358 643 444 718 soret
460 644 625 730 vindicta,
643 646 708 718 nisi
725 674 855 747 aequora
871 649 947 722 saevi

154 764 245 839 Invia
262 763 416 838 fecissent
432 762 540 850 venti,
558 764 741 864 Boeotaque
759 763 857 838 tellus

153 879 274 954 Aulide
289 877 417 979 piscosa
436 906 567 979 puppes
586 877 743 952 tenuisset
760 879 873 952 ituras.

152 997 217 1071 Hie
233 996 343 1098 patrio
362 994 402 1069 de
419 1022 514 1067 more
530 995 608 1066 lori
627 1023 728 1095 quum
744 1024 833 1069 sacro
852 1014 1042 1096 parassent,

151 1116 200 1187 Ut
218 1130 312 1184 vetus
329 1110 471 1185 accensis
487 1108 658 1182 incanduit
675 1110 810 1205 ignibus
826 1141 900 1200 ara,

155 1231 291 1330 Serpere
310 1224 483 1300 ceruleum
501 1226 608 1298 Danai
626 1226 734 1301 videre
753 1227 925 1302 draconem

153 1412 266 1447 mannus
280 1412 287 1454 ;
307 1390 432 1444 Heinsius
449 1400 538 1442 tamen
557 1388 664 1456 conjicit
711 1389 745 1442 sis
759 1400 822 1455 ete,
834 1389 878 1442 sed
892 1390 940 1443 illae
953 1389 1018 1443 nibil
1031 1389 1064 1443 ad
1081 1389 1208 1444 eonsilium

152 1474 250 1534 dr'ruou
265 1468 310 1521 sed
322 1472 422 1535 longum
434 1466 543 1519 minime
555 1476 664 1518 mutan·
712 1481 803 1538 poetae.
820 1500 854 1511 -
876 1473 1008 1524 Terruisset
1023 1472 1150 1541 simplex,
1167 1489 1208 1542 pro

154 1547 234 1613 dum,
251 1545 311 1614 quia
330 1543 513 1614 longitudine,
531 1542 583 1595 sril.
598 1542 662 1593 diu·
710 1549 855 1617 composito
874 1553 1026 1602 destwissel.
1043 1576 1079 1589 -
1100 1551 1210 1603 Pisum

153 1623 279 1677 lumitate
291 1620 461 1675 memorabile
478 1619 597 1687 inprimis
614 1619 662 1672 boc
710 1645 851 1679 commune
864 1626 998 1696 epilbeton
1013 1626 1210 1680 insuloromur-

153 1701 251 1754 bellum
268 1719 274 1751 :
290 1697 348 1750 vide
366 1717 431 1749 vers.
452 1714 503 1758 ²03
523 1702 661 1762 spao'osum
710 1703 835 1772 biumque
848 1704 1045 1757 maritimarum.
1056 1703 1154 1758 Deliae
1163 1723 1211 1758 mo

154 1783 244 1831 bellum
258 1777 346 1841 xtu,
361 1774 486 1827 rob-ln
500 1774 595 1826 noslrls
608 1774 664 1826 lle·
711 1800 740 1833 ro
753 1782 779 1834 in
794 1782 887 1835 Aulide
898 1781 929 1834 ei.
946 1781 1122 1853 Euripidem,
1137 1782 1211 1853 lpltiss.

152 1860 198 1927 giis
207 1855 544 1925 alioqum-Consiua&
552 1874 663 1924 qerarum
712 1859 800 1912 Aulid.
812 1861 946 1928 principio,

154 1939 232 1991 duces
249 1937 469 2005 conjuraverant;
485 1936 552 2000 apud
569 1937 661 1989 Horo·
747 1940 1212 2004 11.lo·cpaoi0demorcetc.ltecus

153 2018 235 2083 tium,
250 2019 279 2082 l,
293 2015 346 2069 Od.
361 2033 413 2079 xv,
426 2019 456 2078 5,
474 2017 575 2070 Nereus
590 2017 662 2069 voti·
711 2036 762 2084 que
775 2015 806 2067 ad
818 2036 883 2068 vers.
894 2018 925 2069 23
933 2028 1037 2085 sumpta
1045 2037 1079 2070 ex
1086 2019 1211 2083 Homero,

63 2156 65 2167 Ι
154 2095 257 2147 sinatur
267 2093 371 2160 Paridi,
391 2095 464 2147 Mala
474 2098 547 2147 ducis
557 2098 663 2148 arido·
712 2094 741 2146 ll.
749 2094 771 2145 B
780 2131 787 2156 ,
797 2113 895 2165 rnpsqq
904 2094 962 2157 ,ubi
969 2094 1103 2168 abUlysse
1110 2093 1212 2151 facunda

153 2192 238 2233 mum,
263 2174 345 2238 Quam
362 2176 440 2224 multo
454 2183 546 2239 repete!
562 2168 664 2226 Graecr'a
711 2173 1213 2245 cumsimpticiratenarrantumconpr

154 2255 246 2312 milite,
265 2251 404 2317 conjurata
414 2258 473 2304 ruas
482 2270 590 2319 rumpere
600 2271 664 2318 nup-
711 2251 811 2304 ratione
825 2250 940 2304 instituta
954 2253 1075 2321 superior
1086 2254 1213 2307 Homerus

153 2331 280 2383 tilis-lu
294 2348 407 2382 numero
417 2329 523 2382 navium
536 2329 664 2382 delmino·
711 2330 841 2398 reperitur
853 2330 1093 2401 Ovidiumamque
1107 2328 1213 2387 resoerrs

154 2406 189 2459 do
205 2426 259 2460 non
275 2409 373 2462 erimus
385 2428 444 2461 euru
459 2406 573 2461 Ciolano
587 2406 663 2460 anxii.
710 2407 745 2460 ibi
754 2407 856 2461 suavius
867 2406 1001 2478 descripta.
1016 2408 1048 2462 ln
1060 2409 1147 2478 medio
1156 2428 1212 2463 um·

154 2488 267 2553 Noster,
282 2506 357 2540 more
375 2498 529 2556 poetarum,
543 2495 571 2537 et
582 2485 624 2538 bie
636 2495 663 2537 et
712 2484 945 2554 brileraplatanus,
957 2485 1028 2540 unde
1038 2486 1141 2556 limpide
1147 2505 1209 2556 equa

154 2567 222 2619 iufra
232 2586 375 2621 numerum
385 2565 552 2618 indefinitum
562 2565 662 2634 posuit,
711 2562 832 2633 profluit:
845 2562 892 2615 sub
901 2564 1006 2632 platano
1018 2576 1058 2618 est
1068 2584 1124 2632 are,
1134 2582 1210 2634 quarn

155 2650 235 2699 mille.
248 2657 324 2714 atque
336 2645 371 2697 ita
383 2654 408 2697 et
422 2644 462 2695 alii
474 2653 570 2711 poetae,
584 2644 662 2695 etiarn
711 2641 795 2694 Graeri
818 2641 894 2693 saeris
914 2642 1009 2695 intenti
1032 2643 1210 2697 circumstant:

155 2723 208 2778 liv.
217 2722 302 2785 XLV,
314 2742 342 2789 27
353 2721 427 2783 ,vide
437 2720 572 2772 Drakeub.
581 2720 612 2772 ad
622 2721 664 2773 si·
712 2735 740 2769 2⁰
753 2729 884 2770 ostentum
897 2720 982 2788 ipsum
996 2731 1023 2772 et
1036 2719 1069 2773 ad
1085 2732 1213 2790 stuporem

157 2803 219 2854 lium
231 2841 238 2868 ,
250 2800 292 2855 lll
301 2839 309 2864 ,
319 2819 383 2871 ²²93
394 2800 501 2851 Bornos.
515 2797 545 2848 nd
556 2798 664 2866 Euripi·
711 2796 883 2866 injiciendum
892 2797 956 2850 etad
963 2799 1213 2854 commiserationem

154 2881 233 2944 dem,
248 2878 377 2931 Androm.
394 2877 455 2937 1063
470 2877 604 2929 Homerus
616 2876 664 2929 ba-
710 2873 856 2929 saeieudam
880 2877 963 2945 aptius
985 2890 1132 2932 narratum.
1154 2877 1212 2930 Erat

154 2956 199 3007 bet
216 2967 368 3005 ucuxxxrr.
384 2953 471 3023 Vulgo
489 2968 546 3007 ucc
560 2973 663 3008 nume·
710 2953 840 3007 horribilis
852 2954 944 3020 draeo,
961 2955 992 3007 ab
1006 2956 1061 3024 ipso
1074 2956 1140 3009 Jove
1152 2953 1213 3025 sigui

155 3041 288 3084 rantur-
295 3032 521 3085 Genlr'scommuoe
532 3034 661 3101 Pelaspae,
710 3034 767 3098 loco
779 3033 889 3098 missus,
909 3033 952 3102 qui
971 3034 1109 3103 prosiliens
1126 3034 1157 3088 ab
1174 3050 1214 3086 an

153 3109 275 3162 universa
297 3128 360 3178 gens
384 3129 490 3179 greca,
516 3111 663 3177 coujunetae
710 3112 742 3166 ad
750 3111 871 3165 arborem
881 3110 1213 3181 tendebat-Passerispulli,

154 3187 309 3240 Graecorum
318 3206 393 3257 opes,
408 3207 486 3258 quarn
499 3187 612 3240 sormam
623 3187 663 3241 lo·
710 3198 780 3255 νῆπια
795 3196 875 3259 rixnoe,
888 3192 936 3245 sub
947 3190 1013 3244 soliis
1026 3191 1150 3247 latebant
1162 3190 1213 3244 llos

155 3261 253 3332 queudi
269 3263 336 3319 bene
352 3264 462 3318 illustrat
476 3265 601 3318 Heinsius
618 3263 662 3334 qui
710 3270 788 3323 draeo
798 3269 938 3324 stridentes
950 3271 1134 3327 miserabiliter
1144 3269 1213 3324 dero·

154 3342 242 3396 laudat
262 3362 293 3395 ex
311 3343 464 3410 Herodoto,
485 3350 510 3398 π’
532 3349 603 3396 κοινὸν
619 3352 663 3396 τῶν
710 3346 800 3411 rabat,
818 3366 899 3414 quum
920 3360 1004 3400 urater
1021 3348 1150 3416 quiritans
1162 3347 1213 3401 cir-

155 3429 247 3489 Σαμίων
260 3460 269 3488 ,
284 3440 299 3473 e
313 3419 441 3493 Dionysio
456 3421 538 3475 Helie.
552 3426 577 3474 eo*
592 3424 664 3473 roob
709 3423 883 3488 cumvolaret,
896 3423 980 3477 donec
990 3424 1072 3493 ipsum
1085 3424 1214 3495 implicans

153 3511 198 3554 τῶν
216 3507 336 3565 Λατίνων,
349 3521 363 3553 e
377 3498 506 3553 Cicerone
517 3538 524 3563 ,
536 3516 663 3551 commune
710 3502 749 3553 ala
761 3500 937 3570 prehenderet
952 3501 1039 3554 draco.
1053 3503 1143 3556 Etiam
1157 3502 1213 3555 Su·

153 3579 307 3639 Meliadum,
323 3598 450 3631 commune
460 3579 551 3629 dl'cr'lr'ae
561 3586 608 3628 etc.
621 3577 665 3628 in·
709 3578 801 3642 sinus,
818 3589 894 3648 poeta
912 3579 1051 3647 antiquus,
1070 3580 1098 3632 iu
1117 3576 1213 3652 Cypriis

154 3655 192 3707 lra
202 3657 269 3710 XIll
280 3697 287 3722 ,
297 3676 331 3709 vs.
344 3656 661 3730 199,communis(1'rec1b.
708 3656 867 3709 carminibus
879 3657 933 3710 baer
946 3669 1110 3711 tractaverat.
1122 3658 1215 3710 -1’0-

153 3735 260 3800 Pelasgi
272 3733 362 3786 Achivi
379 3745 434 3802 post
450 3734 598 3784 llonrerum
612 3732 662 3786 dici
707 3742 786 3798 tuiis,
803 3738 921 3806 gentilis,
935 3749 963 3791 ut
978 3743 1096 3815 nespoleos.
1108 3739 1215 3793 Lenniut

153 3827 288 3880 coeperunt
301 3833 314 3865 a
326 3814 465 3866 serioribus
480 3813 570 3881 poetis.
708 3817 846 3886 conjungit
856 3823 940 3884 patrio
954 3820 1021 3870 Jorr'.
1041 3819 1131 3871 immo
1143 3820 1219 3883 paru?

186 3889 209 3941 8.
223 3893 275 3943 Nec
285 3895 368 3945 dilata
378 3894 448 3961 sorc!
468 3903 514 3945 etc.
534 3892 619 3946 Fuere
635 3905 662 3948 et
708 3901 784 3946 moris
795 3914 865 3948 sacra
878 3896 989 3963 possim,
1007 3907 1035 3948 ut
1050 3897 1105 3960 Vl,
1123 3897 1156 3964 64
1172 3922 1213 3949 .··

154 3964 209 4015 aliae
221 3987 301 4024 eeusae
314 3971 434 4026 vindietae
448 3972 552 4040 dilotae,
572 3995 661 4044 eaeque
707 3977 899 4038 Incandescere,
912 3975 985 4029 valde
997 3976 1214 4043 innotescerem·

152 4043 300 4115 graviores,
320 4062 456 4119 apparatus
475 4071 571 4125 nempe
591 4055 661 4110 clas-
708 4054 837 4110 flammari
847 4095 855 4124 ,
865 4066 893 4109 ut
905 4057 947 4124 ll,
963 4076 1027 4127 729,
1041 4067 1067 4110 et
1078 4059 1208 4110 recandes-
