2760 4710
210 321 254 388 26

493 323 531 386 P.
558 321 732 389 OVIDII
756 321 981 392 NASONIS

210 459 377 534 Palladios
394 458 482 533 flare
499 457 612 535 latices
629 460 750 536 libasse
766 463 933 537 Minerva.

1223 487 1272 558 275

213 578 352 675 Coeptus
370 574 411 647 ab
429 574 583 668 agricolis
600 576 747 677 Superos
763 579 914 678 pervenit
929 578 970 653 ad
986 608 1098 654 omnes

210 691 399 765 Invidiosus
414 690 525 764 bonos
542 692 653 767 :solas
670 694 742 768 sine
759 711 831 768 ture
848 695 979 771 relictas

213 806 389 879 Praeteritae
403 833 544 881 cessasse
561 808 672 882 semnt
688 810 845 883 Letoidos
863 840 943 886 aras.

214 920 335 1014 Tangit
353 937 386 994 et
403 921 450 994 ira
467 924 556 996 Deos
573 955 581 995 :
602 957 619 988 «
636 925 683 997 At
699 952 767 996 non
786 924 920 1024 impune
938 924 1100 1013 feremus;

219 1040 398 1138 »Quaeque
415 1037 640 1126 inhonoratae,
659 1067 728 1111 non
746 1056 779 1111 et
795 1039 941 1113 dicemur
957 1040 1089 1128 inultae;
1107 1075 1124 1106 »
1225 1068 1275 1118 aso

215 1156 350 1255 lnquit:
367 1173 400 1229 et
419 1158 553 1230 OEneos
571 1154 715 1228 ultorem
734 1171 844 1253 spreta
859 1182 919 1253 per
937 1183 1033 1249 agros

220 1269 316 1359 Misit
331 1299 448 1370 apmm
463 1300 470 1340 :
487 1286 613 1369 quanto
631 1269 771 1365 majores
786 1267 924 1341 herbida
941 1286 1054 1343 tauros

219 1385 293 1456 Non
310 1385 412 1460 habet
429 1385 570 1484 Epiros3
586 1383 643 1457 sed
659 1383 784 1457 babent
801 1381 911 1457 Sicula
928 1413 1002 1458 arva
1018 1384 1173 1460 minores.

211 1587 328 1653 fructus,
347 1587 462 1655 plurimi.
477 1586 545 1639 Vide
562 1585 593 1638 ad
608 1587 649 1651 X,
667 1605 723 1657 aqo.

218 1693 251 1705 -
261 1667 392 1717 Palladios
402 1668 505 1722 lateres,
529 1664 626 1716 oleum.
642 1664 722 1716 Euri·

220 1740 291 1807 pides
305 1758 311 1791 ι
323 1747 394 1798 Οὖτις
413 1738 475 1803 ear’,
495 1743 516 1792 ia
532 1754 574 1816 γῇς
590 1746 724 1814 eelsipssspau

219 1823 291 1869 tatus
310 1817 397 1881 στάχυν
410 1820 475 1870 etos
494 1817 598 1889 ἇπαρχᾶς
613 1822 650 1870 eis
662 1824 723 1870 tenes

220 1900 318 1970 captivo
327 1884 436 1962 deipsis.
448 1893 486 1946 Ea
495 1913 567 1946 sacra
578 1905 653 1948 vocat
665 1895 723 1946 Ho-

220 1991 321 2036 merus,
330 1990 406 2023 versu
415 1971 478 2036 530,
490 1976 601 2039 θαλύσια,
611 1972 654 2025 ubi
663 1971 722 2026 vide

219 2047 305 2102 Sebol.
320 2048 389 2117 Lips.
402 2049 430 2101 in
443 2059 498 2101 not.
512 2048 577 2101 Em.

250 2125 308 2192 ηδ.
315 2127 455 2193 ΑμιίοΙσ,
465 2126 510 2178 Dii
518 2127 621 2191 rustici,
630 2126 658 2179 in
664 2127 724 2195 qui-

219 2203 266 2256 bus
284 2203 406 2256 Minerva
422 2215 529 2274 propter
545 2205 632 2258 oleum
644 2207 724 2259 etiam

220 2300 233 2332 a
246 2281 371 2349 Virgilio,
386 2281 482 2352 Georg.
496 2284 527 2350 l,
542 2285 590 2350 18,
604 2303 725 2338 numera·

220 2371 271 2412 tur.
280 2359 413 2427 Tibullus,
424 2362 452 2426 l,
465 2379 490 2427 1,
504 2365 533 2428 ¹4
543 2364 725 2430 :quodcumque

220 2441 670 2505 mitipommaovuseducasmus,
684 2442 726 2492 Lt-

221 2521 305 2569 batum
316 2522 432 2585 epitola
439 2523 608 2585 persistente
619 2520 682 2569 Deo.
694 2545 727 2556 -

218 2595 373 2656 Invidiosus,
388 2595 433 2662 qui
445 2593 569 2647 invidiam
582 2603 669 2658 creat,
682 2604 727 2646 aut

223 2672 268 2740 qui
280 2691 339 2724 eum
357 2671 453 2724 invidia
469 2671 598 2739 expetitur
613 2670 726 2740 aplun'-

222 2746 277 2798 bus.
289 2746 339 2811 IV,
354 2747 418 2817 794,
435 2763 493 2812 spes
503 2748 628 2797 rirsfflosa
634 2765 728 2814 proco-

222 2844 282 2876 rum.
297 2824 336 2877 Vl
350 2825 417 2878 Fast.
430 2825 462 2877 63
471 2865 479 2891 ,
494 2827 633 2879 iuss'ds'osus
642 2829 727 2879 Mser.

223 2900 276 2953 Sed
289 2900 365 2970 longe
378 2902 484 2971 plurimi
495 2904 599 2973 scripti,
611 2908 728 2956 antiru-

222 2998 285 3042 sus,
302 2997 358 3034 non
374 2980 462 3035 minus
478 2982 618 3052 eleganter.
636 2983 729 3036 Ausi:

222 3059 368 3111 tiosaenim
377 3078 434 3127 quae
441 3060 555 3114 studiose
563 3061 727 3127 affectantur,

225 3145 254 3193 ut
265 3137 346 3205 gratia
354 3149 382 3190 et
388 3139 541 3193 auctoritate
551 3138 635 3191 valere
645 3138 729 3191 videa·

224 3212 267 3266 ris.
278 3216 419 3268 Invidiosus
430 3235 461 3269 er
469 3215 642 3286 Neapolitano
653 3226 680 3268 et
691 3234 729 3268 se-

224 3291 311 3344 eundo
323 3293 446 3348 Mediceo
455 3295 580 3348 Heinsius
588 3294 673 3361 dedit,
682 3297 730 3348 im·

199 3408 205 3420 .
225 3368 351 3439 probante
363 3370 527 3425 schir-achin.¹
536 3399 569 3412 ·-
581 3373 677 3426 Noster
687 3373 728 3437 B,

226 3451 496 3503 ambitausus-Solu
565 3469 634 3503 aras.
648 3451 730 3504 Hom.

227 3527 374 3593 uersuSssa,
389 3536 424 3589 sla
439 3526 462 3581 σή
472 3532 587 3602 ιύκῖῥρεξι
598 3533 731 3603 bsisssu'pp.

228 3607 289 3660 Hoc
298 3606 394 3661 Noster
405 3605 490 3659 verbis
499 3605 613 3659 ninnium
624 3605 677 3660 fere
688 3625 732 3660 eu·

226 3690 330 3743 mulatis
339 3688 469 3758 expressit.
479 3714 513 3726 -
526 3689 642 3749 Cessare,
657 3687 732 3743 osio-

228 3785 286 3820 sum
299 3777 377 3821 stare.
391 3766 436 3821 Sic
449 3785 510 3834 ager
526 3783 646 3832 cessans,
659 3764 731 3836 Vir-g.

228 3842 324 3913 Georg.
339 3847 367 3911 l,
381 3847 620 3916 pn-Pmten'trsr,
633 3843 675 3897 eui
685 3842 732 3896 de-

230 3930 342 3986 negatur
354 3923 460 3992 aliquid.
473 3923 544 3992 Ergo
554 3926 679 3988 preterita
690 3939 734 3974 ea-

229 3993 292 4046 dem
303 4015 359 4064 quae
373 4004 527 4055 inhonorata.
548 3999 627 4070 Apud
647 4000 734 4069 Apol-

231 4069 353 4124 lodorum
365 4094 440 4130 causa
450 4079 599 4133 cessationis
609 4079 658 4132 suit
668 4078 735 4133 obli·

771 1589 832 1655 vio,
849 1595 919 1657 pisse
937 1594 1060 1665 Apsipsdss
1078 1593 1197 1658 ltsisitsss.
1210 1591 1277 1644 Du-

771 1666 841 1718 biam
859 1667 982 1734 relinquit
1001 1667 1142 1721 Homerus.
1160 1668 1275 1732 Postea,

771 1745 837 1798 sorte
853 1744 902 1797 boc
915 1745 984 1797 malo
998 1744 1117 1810 inducti,
1136 1744 1279 1816 Calydonis

771 1821 885 1874 Dianam
906 1822 1063 1891 cognomine
1084 1822 1214 1889 Laphrian
1234 1823 1275 1875 se·

770 1915 830 1949 cere
852 1907 989 1966 patronam
1007 1916 1090 1949 suam.
1113 1898 1275 1964 Pausanias,

771 1975 886 2028 Messen.
901 1994 932 2042 p.
944 1976 1001 2042 357.

803 2070 859 2120 ²79·
878 2054 918 2103 As
932 2049 968 2103 sie
989 2048 1096 2116 ponitur
1109 2049 1136 2101 in
1149 2050 1278 2121 principio

770 2126 921 2190 minarum,
937 2125 1143 2196 increpationis,
1163 2127 1279 2183 admira-

771 2201 925 2255 tionis.Vide
938 2201 991 2256 ΧΠ
999 2203 1103 2272 ‚367.-
1111 2198 1279 2273 Adiectirum

773 2283 866 2335 [ΕΜ
877 2282 975 2336 babent
988 2294 1014 2335 et
1031 2283 1089 2350 alii,
1112 2303 1177 2353 quos
1194 2286 1279 2338 Hein-

771 2359 823 2412 sius
842 2371 869 2414 et
886 2362 1056 2415 Burmannus
1075 2361 1192 2416 laudant.
1213 2364 1279 2415 Ho-

772 2456 879 2504 merus,
898 2444 981 2498 Οἰνῆος
998 2439 1081 2500 silesia.
1101 2467 1135 2479 -
1150 2442 1236 2510 Inquit
1251 2441 1280 2493 in

773 2513 826 2568 sane
839 2516 971 2570 orationis.

773 2637 775 2640 >
807 2598 864 2648 aba.
882 2597 982 2662 Quanto
1000 2596 1108 2663 majores
1121 2605 1171 2648 ete.
1187 2595 1281 2650 Eseel-

774 2672 1281 2742 lentissimaborrendimonstrideserip·

772 2753 811 2806 tio
822 2753 884 2807 bine
894 2753 994 2822 incipit.
1009 2753 1091 2821 Atqui
1105 2752 1161 2805 talis
1173 2763 1281 2805 tantus-

775 2849 825 2898 que
843 2850 897 2884 esse
915 2829 1027 2883 debebat
1046 2849 1126 2898 aper,
1146 2827 1178 2880 ad
1201 2849 1282 2896 quem

775 2906 921 2959 tollendum
934 2907 1013 2959 totius
1029 2905 1137 2959 Grecis
1153 2905 1283 2972 principes

774 2983 972 3038 concurrebant
990 2983 1125 3035 Homerus
1145 2980 1281 3047 breviter,

776 3070 816 3114 etv
828 3062 905 3134 ἄγριον
917 3098 925 3124 ,
939 3060 1090 3128 insideres,
1106 3047 1139 3115 ὅς
1150 3059 1210 3110 esais
1221 3058 1284 3111 κᾶλλ’

775 3143 883 3213 iperberetae.
896 3134 1088 3204 Apollodorus,
1101 3136 1191 3210 Keirpara
1204 3140 1284 3203 ἴξοχσι

776 3217 865 3281 μιγίθιι
884 3238 907 3267 es
927 3220 967 3266 aut
984 3216 1050 3287 ῥώμῃ
1067 3222 1149 3265 vocal.
1174 3209 1284 3267 Confer.

775 3311 838 3345 eum
852 3290 903 3344 hoc
914 3289 972 3343 loco
983 3290 1035 3359 lupi
1050 3288 1209 3360 descriptio,
1226 3293 1284 3358 Xl,

777 3369 826 3423 355
838 3387 893 3438 sqq.
903 3396 937 3409 -
948 3370 1005 3423 Non
1016 3371 1093 3421 habet
1103 3379 1153 3423 ete.
1165 3369 1286 3422 Debebat

776 3446 883 3511 disere,
903 3465 990 3515 neque
1007 3445 1118 3516 Epiros,
1137 3465 1224 3514 neque
1235 3446 1286 3499 si-

778 3525 836 3579 cula
847 3543 908 3577 arva
919 3523 1032 3586 babent3
1045 3524 1091 3578 sed
1103 3524 1211 3576 variavit
1220 3541 1286 3576 ora-

779 3603 1290 3669 tionemPlinius,V111,45:1suostro

778 3686 837 3737 orbe
842 3686 980 3750 Epr'rotr'cr's
987 3679 1091 3751 (bubus)
1097 3684 1155 3733 taus
1166 3687 1303 3748 maiust

779 3783 798 3816 a
809 3766 912 3835 Pyrrhi,
926 3761 1061 3828 osfernus,
1072 3761 1133 3827 jaas
1148 3763 1210 3813 s'ude
1223 3765 1288 3828 regis

779 3862 849 3896 cara.
856 3843 1039 3895 ldconecutas
1046 3847 1098 3899 est,
1109 3858 1159 3891 aon
1166 3848 1289 3906 mequ-

780 3928 915 3977 dunum
929 3925 967 3974 ad
976 3930 1066 3987 partus
1076 3923 1198 3972 vocasdo.
1214 3920 1289 3969 Pne-

780 4003 886 4068 grandes
896 4004 980 4067 itaque
984 3996 1071 4064 seete,
1086 4005 1112 4049 et
1122 3998 1240 4062 hodieque
1250 4014 1291 4047 re·

782 4081 856 4145 lique
868 4074 983 4144 stirpium
999 4078 1096 4130 derant.
1113 4099 1147 4114 -
1165 4073 1215 4125 Sed
1226 4070 1295 4124 Gla·
