<?xml version="1.0" encoding="UTF-8"?>
<!DOCTYPE html PUBLIC "-//W3C//DTD XHTML 1.0 Transitional//EN"
    "http://www.w3.org/TR/xhtml1/DTD/xhtml1-transitional.dtd">
<html xmlns="http://www.w3.org/1999/xhtml" xml:lang="en" lang="en">
 <head>
  <title>
</title>
<meta http-equiv="Content-Type" content="text/html;charset=utf-8" />
  <meta name='ocr-system' content='tesseract 3.04.00' />
  <meta name='ocr-capabilities' content='ocr_page ocr_carea ocr_par ocr_line ocrx_word'/>
</head>
<body>
  <div class='ocr_page' id='page_1' title='image "./publiiovidiinas07massgoog_0050.png"; bbox 0 0 2760 4710; ppageno 0'>
   <div class='ocr_carea' id='block_1_1' title="bbox 181 339 960 412">
    <p class='ocr_par' dir='ltr' id='par_1_1' title="bbox 181 339 960 412">
     <span class='ocr_line' id='line_1_1' title="bbox 181 339 960 412; baseline 0.003 -3"><span class='ocrx_word' id='word_1_1' title='bbox 181 345 223 409; x_wconf 82' lang='grc'><strong>38</strong></span> <span class='ocrx_word' id='word_1_2' title='bbox 466 341 505 407; x_wconf 87' lang='lat' dir='ltr'><strong>P.</strong></span> <span class='ocrx_word' id='word_1_3' title='bbox 534 339 709 410; x_wconf 86' lang='lat' dir='ltr'>OVIDII</span> <span class='ocrx_word' id='word_1_4' title='bbox 733 339 960 412; x_wconf 84' lang='lat' dir='ltr'><strong>NASONIS</strong></span> 
     </span>
    </p>
   </div>
   <div class='ocr_carea' id='block_1_2' title="bbox 176 459 1242 1476">
    <p class='ocr_par' dir='ltr' id='par_1_2' title="bbox 178 459 1087 675">
     <span class='ocr_line' id='line_1_2' title="bbox 178 459 1087 560; baseline 0.006 -30"><span class='ocrx_word' id='word_1_5' title='bbox 178 462 420 560; x_wconf 80' lang='lat' dir='ltr'><strong>victricemque</strong></span> <span class='ocrx_word' id='word_1_6' title='bbox 435 477 554 560; x_wconf 92' lang='lat' dir='ltr'><strong>petunt</strong></span> <span class='ocrx_word' id='word_1_7' title='bbox 570 460 690 534; x_wconf 83' lang='lat' dir='ltr'><strong>dextrae</strong></span> <span class='ocrx_word' id='word_1_8' title='bbox 707 459 905 557; x_wconf 87' lang='lat' dir='ltr'><strong>conjungere</strong></span> <span class='ocrx_word' id='word_1_9' title='bbox 923 459 1087 548; x_wconf 83' lang='lat' dir='ltr'><strong>dextram;</strong></span> 
     </span>
     <span class='ocr_line' id='line_1_3' title="bbox 179 572 1015 675; baseline 0 -26"><span class='ocrx_word' id='word_1_10' title='bbox 179 578 424 675; x_wconf 79' lang='lat' dir='ltr'><strong>immanemque</strong></span> <span class='ocrx_word' id='word_1_11' title='bbox 440 575 565 661; x_wconf 84' lang='lat' dir='ltr'><strong>ferum,</strong></span> <span class='ocrx_word' id='word_1_12' title='bbox 585 572 687 647; x_wconf 87' lang='lat' dir='ltr'><strong>multa</strong></span> <span class='ocrx_word' id='word_1_13' title='bbox 705 572 821 647; x_wconf 89' lang='lat' dir='ltr'><strong>tellure</strong></span> <span class='ocrx_word' id='word_1_14' title='bbox 837 575 1015 672; x_wconf 88' lang='lat' dir='ltr'><strong>jacentem,</strong></span> 
     </span>
    </p>

    <p class='ocr_par' dir='ltr' id='par_1_3' title="bbox 179 689 1110 791">
     <span class='ocr_line' id='line_1_4' title="bbox 179 689 1110 791; baseline 0.003 -28"><span class='ocrx_word' id='word_1_15' title='bbox 179 692 340 764; x_wconf 87' lang='lat' dir='ltr'><strong>Mirantes</strong></span> <span class='ocrx_word' id='word_1_16' title='bbox 358 708 530 791; x_wconf 89' lang='lat' dir='ltr'><strong>spectant:</strong></span> <span class='ocrx_word' id='word_1_17' title='bbox 545 718 653 790; x_wconf 90' lang='lat' dir='ltr'><strong>neque</strong></span> <span class='ocrx_word' id='word_1_18' title='bbox 670 689 778 763; x_wconf 90' lang='lat' dir='ltr'><strong>adbuc</strong></span> <span class='ocrx_word' id='word_1_19' title='bbox 793 691 983 786; x_wconf 87' lang='lat' dir='ltr'><strong>contingere</strong></span> <span class='ocrx_word' id='word_1_20' title='bbox 1001 709 1110 766; x_wconf 90' lang='lat' dir='ltr'><strong>tutum</strong></span> 
     </span>
    </p>

    <p class='ocr_par' dir='ltr' id='par_1_4' title="bbox 176 804 1242 1138">
     <span class='ocr_line' id='line_1_5' title="bbox 179 804 1197 907; baseline 0.003 -28"><span class='ocrx_word' id='word_1_21' title='bbox 179 809 260 880; x_wconf 89' lang='lat' dir='ltr'><strong>Esse</strong></span> <span class='ocrx_word' id='word_1_22' title='bbox 277 825 395 907; x_wconf 88' lang='lat' dir='ltr'><strong>putant</strong></span> <span class='ocrx_word' id='word_1_23' title='bbox 410 837 417 891; x_wconf 84' lang='lat'><em>3</em></span> <span class='ocrx_word' id='word_1_24' title='bbox 434 807 489 880; x_wconf 92' lang='lat' dir='ltr'><strong>sed</strong></span> <span class='ocrx_word' id='word_1_25' title='bbox 509 805 572 880; x_wconf 85' lang='lat' dir='ltr'><strong>tela</strong></span> <span class='ocrx_word' id='word_1_26' title='bbox 589 824 696 879; x_wconf 89' lang='lat' dir='ltr'><strong>tamen</strong></span> <span class='ocrx_word' id='word_1_27' title='bbox 714 832 773 878; x_wconf 87' lang='lat' dir='ltr'><strong>sua</strong></span> <span class='ocrx_word' id='word_1_28' title='bbox 791 804 931 905; x_wconf 86' lang='lat' dir='ltr'><strong>quisque</strong></span> <span class='ocrx_word' id='word_1_29' title='bbox 947 827 1128 883; x_wconf 81' lang='lat' dir='ltr'><strong>cruentant.</strong></span> <span class='ocrx_word' id='word_1_30' title='bbox 1194 859 1197 864; x_wconf 96' lang='lat'>-</span> 
     </span>
     <span class='ocr_line' id='line_1_6' title="bbox 176 919 1242 1023; baseline 0.003 -30"><span class='ocrx_word' id='word_1_31' title='bbox 176 923 252 1021; x_wconf 88' lang='lat' dir='ltr'><strong>lpse</strong></span> <span class='ocrx_word' id='word_1_32' title='bbox 267 922 350 1022; x_wconf 88' lang='lat' dir='ltr'><strong>pede</strong></span> <span class='ocrx_word' id='word_1_33' title='bbox 367 922 544 1023; x_wconf 87' lang='lat' dir='ltr'><strong>imposito,</strong></span> <span class='ocrx_word' id='word_1_34' title='bbox 562 939 661 1022; x_wconf 87' lang='lat' dir='ltr'><strong>caput</strong></span> <span class='ocrx_word' id='word_1_35' title='bbox 677 919 842 994; x_wconf 81' lang='lat' dir='ltr'><strong>exitiabile</strong></span> <span class='ocrx_word' id='word_1_36' title='bbox 860 922 999 1020; x_wconf 84' lang='lat' dir='ltr'><strong>pressit;</strong></span> <span class='ocrx_word' id='word_1_37' title='bbox 1192 945 1242 1016; x_wconf 73' lang='lat'><strong>425</strong></span> 
     </span>
     <span class='ocr_line' id='line_1_7' title="bbox 176 1034 1112 1138; baseline 0.002 -29"><span class='ocrx_word' id='word_1_38' title='bbox 176 1037 289 1138; x_wconf 77' lang='lat' dir='ltr'><strong>Atque</strong></span> <span class='ocrx_word' id='word_1_39' title='bbox 304 1038 374 1111; x_wconf 91' lang='lat' dir='ltr'><strong>ita:</strong></span> <span class='ocrx_word' id='word_1_40' title='bbox 393 1072 408 1103; x_wconf 92' lang='lat'>«</span> <span class='ocrx_word' id='word_1_41' title='bbox 430 1039 529 1111; x_wconf 87' lang='lat' dir='ltr'><strong>Sume</strong></span> <span class='ocrx_word' id='word_1_42' title='bbox 544 1038 608 1111; x_wconf 87' lang='lat' dir='ltr'><strong>mei</strong></span> <span class='ocrx_word' id='word_1_43' title='bbox 626 1034 790 1136; x_wconf 86' lang='lat' dir='ltr'><strong>spolium,</strong></span> <span class='ocrx_word' id='word_1_44' title='bbox 809 1037 992 1123; x_wconf 84' lang='lat' dir='ltr'><strong>Nonacria,</strong></span> <span class='ocrx_word' id='word_1_45' title='bbox 1009 1038 1112 1135; x_wconf 88' lang='lat' dir='ltr'><strong>juris,</strong></span> 
     </span>
    </p>

    <p class='ocr_par' dir='ltr' id='par_1_5' title="bbox 176 1147 1157 1362">
     <span class='ocr_line' id='line_1_8' title="bbox 181 1147 1157 1256; baseline 0.001 -32"><span class='ocrx_word' id='word_1_46' title='bbox 181 1185 198 1216; x_wconf 85' lang='lat'>»</span> <span class='ocrx_word' id='word_1_47' title='bbox 216 1153 330 1240; x_wconf 66' lang='lat' dir='ltr'><strong>Dixin</strong></span> <span class='ocrx_word' id='word_1_48' title='bbox 348 1171 381 1228; x_wconf 92' lang='lat' dir='ltr'><strong>et</strong></span> <span class='ocrx_word' id='word_1_49' title='bbox 397 1154 431 1226; x_wconf 89' lang='lat' dir='ltr'><strong>in</strong></span> <span class='ocrx_word' id='word_1_50' title='bbox 446 1173 573 1256; x_wconf 85' lang='lat' dir='ltr'><strong>partem</strong></span> <span class='ocrx_word' id='word_1_51' title='bbox 589 1152 698 1224; x_wconf 89' lang='lat' dir='ltr'><strong>veniat</strong></span> <span class='ocrx_word' id='word_1_52' title='bbox 714 1150 796 1223; x_wconf 92' lang='lat' dir='ltr'><strong>mihi</strong></span> <span class='ocrx_word' id='word_1_53' title='bbox 814 1147 920 1244; x_wconf 86' lang='lat' dir='ltr'><strong>gloria</strong></span> <span class='ocrx_word' id='word_1_54' title='bbox 937 1169 1054 1227; x_wconf 90' lang='lat' dir='ltr'><strong>tecum.</strong></span> <span class='ocrx_word' id='word_1_55' title='bbox 1075 1187 1092 1216; x_wconf 71' lang='lat' dir='ltr'><strong>u</strong></span> <span class='ocrx_word' id='word_1_56' title='bbox 1155 1160 1157 1164; x_wconf 62' lang='grc'><strong>“</strong></span> 
     </span>
     <span class='ocr_line' id='line_1_9' title="bbox 176 1264 914 1362; baseline 0 -25"><span class='ocrx_word' id='word_1_57' title='bbox 176 1266 336 1341; x_wconf 85' lang='lat' dir='ltr'><strong>Protinus</strong></span> <span class='ocrx_word' id='word_1_58' title='bbox 351 1268 502 1354; x_wconf 82' lang='lat' dir='ltr'><strong>exuvias,</strong></span> <span class='ocrx_word' id='word_1_59' title='bbox 519 1266 636 1362; x_wconf 83' lang='lat' dir='ltr'><strong>rigidis</strong></span> <span class='ocrx_word' id='word_1_60' title='bbox 651 1264 819 1338; x_wconf 88' lang='lat' dir='ltr'><strong>horrentia</strong></span> <span class='ocrx_word' id='word_1_61' title='bbox 835 1265 914 1337; x_wconf 88' lang='lat' dir='ltr'><strong>setis</strong></span> 
     </span>
    </p>

    <p class='ocr_par' dir='ltr' id='par_1_6' title="bbox 176 1378 1037 1476">
     <span class='ocr_line' id='line_1_10' title="bbox 176 1378 1037 1476; baseline 0.008 -24"><span class='ocrx_word' id='word_1_62' title='bbox 176 1381 283 1476; x_wconf 82' lang='lat' dir='ltr'><strong>Terga</strong></span> <span class='ocrx_word' id='word_1_63' title='bbox 300 1383 376 1468; x_wconf 92' lang='lat' dir='ltr'><strong>dat,</strong></span> <span class='ocrx_word' id='word_1_64' title='bbox 395 1399 427 1455; x_wconf 88' lang='lat' dir='ltr'><strong>et</strong></span> <span class='ocrx_word' id='word_1_65' title='bbox 441 1380 569 1476; x_wconf 86' lang='lat' dir='ltr'><strong>magnis</strong></span> <span class='ocrx_word' id='word_1_66' title='bbox 586 1380 729 1475; x_wconf 89' lang='lat' dir='ltr'><strong>insignia</strong></span> <span class='ocrx_word' id='word_1_67' title='bbox 748 1378 906 1454; x_wconf 82' lang='lat' dir='ltr'><strong>dentibus</strong></span> <span class='ocrx_word' id='word_1_68' title='bbox 923 1408 991 1454; x_wconf 89' lang='lat' dir='ltr'><strong>ora.</strong></span> <span class='ocrx_word' id='word_1_69' title='bbox 1034 1453 1037 1459; x_wconf 87' lang='lat'><strong>.</strong></span> 
     </span>
    </p>
   </div>
   <div class='ocr_carea' id='block_1_3' title="bbox 10 1494 1243 1586">
    <p class='ocr_par' dir='ltr' id='par_1_7' title="bbox 10 1494 1243 1586">
     <span class='ocr_line' id='line_1_11' title="bbox 10 1494 1243 1586; baseline 0.006 -24"><span class='ocrx_word' id='word_1_70' title='bbox 10 1555 13 1562; x_wconf 94' lang='grc'><em>,</em></span> <span class='ocrx_word' id='word_1_71' title='bbox 102 1568 104 1571; x_wconf 68' lang='grc'>,</span> <span class='ocrx_word' id='word_1_72' title='bbox 177 1494 230 1568; x_wconf 93' lang='lat' dir='ltr'><strong>Illi</strong></span> <span class='ocrx_word' id='word_1_73' title='bbox 248 1496 366 1570; x_wconf 88' lang='lat' dir='ltr'><strong>laetitiae</strong></span> <span class='ocrx_word' id='word_1_74' title='bbox 383 1514 433 1570; x_wconf 87' lang='lat' dir='ltr'><strong>est</strong></span> <span class='ocrx_word' id='word_1_75' title='bbox 450 1525 525 1569; x_wconf 90' lang='lat' dir='ltr'><strong>cum</strong></span> <span class='ocrx_word' id='word_1_76' title='bbox 542 1523 677 1569; x_wconf 90' lang='lat' dir='ltr'><strong>munere</strong></span> <span class='ocrx_word' id='word_1_77' title='bbox 692 1495 839 1568; x_wconf 85' lang='lat' dir='ltr'><strong>muneris</strong></span> <span class='ocrx_word' id='word_1_78' title='bbox 857 1513 982 1568; x_wconf 88' lang='lat' dir='ltr'><strong>auctor.</strong></span> <span class='ocrx_word' id='word_1_79' title='bbox 1192 1517 1243 1586; x_wconf 79' lang='lat'><strong>430</strong></span> 
     </span>
    </p>
   </div>
   <div class='ocr_carea' id='block_1_4' title="bbox 174 1610 1135 1943">
    <p class='ocr_par' dir='ltr' id='par_1_8' title="bbox 174 1610 1135 1943">
     <span class='ocr_line' id='line_1_12' title="bbox 175 1610 981 1710; baseline 0.001 -28"><span class='ocrx_word' id='word_1_80' title='bbox 175 1612 324 1686; x_wconf 87' lang='lat' dir='ltr'><strong>Invidere</strong></span> <span class='ocrx_word' id='word_1_81' title='bbox 342 1610 416 1696; x_wconf 85' lang='lat' dir='ltr'><strong>alii;</strong></span> <span class='ocrx_word' id='word_1_82' title='bbox 436 1628 575 1710; x_wconf 86' lang='lat' dir='ltr'><strong>totoque</strong></span> <span class='ocrx_word' id='word_1_83' title='bbox 592 1628 662 1684; x_wconf 88' lang='lat' dir='ltr'><strong>erat</strong></span> <span class='ocrx_word' id='word_1_84' title='bbox 678 1610 806 1705; x_wconf 83' lang='lat' dir='ltr'><strong>agmine</strong></span> <span class='ocrx_word' id='word_1_85' title='bbox 824 1638 981 1683; x_wconf 88' lang='lat' dir='ltr'><strong>murmur.</strong></span> 
     </span>
     <span class='ocr_line' id='line_1_13' title="bbox 174 1725 964 1828; baseline 0 -28"><span class='ocrx_word' id='word_1_86' title='bbox 174 1729 204 1800; x_wconf 87' lang='lat' dir='ltr'><strong>E</strong></span> <span class='ocrx_word' id='word_1_87' title='bbox 221 1729 362 1828; x_wconf 72' lang='lat' dir='ltr'><strong>quibuS,</strong></span> <span class='ocrx_word' id='word_1_88' title='bbox 381 1725 505 1821; x_wconf 84' lang='lat' dir='ltr'><strong>ingenti</strong></span> <span class='ocrx_word' id='word_1_89' title='bbox 524 1726 695 1800; x_wconf 87' lang='lat' dir='ltr'><strong>tendentes</strong></span> <span class='ocrx_word' id='word_1_90' title='bbox 712 1726 848 1800; x_wconf 85' lang='lat' dir='ltr'><strong>brachia</strong></span> <span class='ocrx_word' id='word_1_91' title='bbox 865 1755 964 1814; x_wconf 87' lang='lat' dir='ltr'><strong>voce,</strong></span> 
     </span>
     <span class='ocr_line' id='line_1_14' title="bbox 178 1842 1135 1943; baseline 0.001 -28"><span class='ocrx_word' id='word_1_92' title='bbox 178 1876 194 1905; x_wconf 89' lang='lat'>«</span> <span class='ocrx_word' id='word_1_93' title='bbox 215 1843 307 1915; x_wconf 89' lang='lat' dir='ltr'><strong>Pone</strong></span> <span class='ocrx_word' id='word_1_94' title='bbox 325 1870 400 1935; x_wconf 85' lang='lat' dir='ltr'><strong>age,</strong></span> <span class='ocrx_word' id='word_1_95' title='bbox 417 1869 476 1916; x_wconf 89' lang='lat' dir='ltr'><strong>nec</strong></span> <span class='ocrx_word' id='word_1_96' title='bbox 494 1842 610 1917; x_wconf 85' lang='lat' dir='ltr'><strong>titulos</strong></span> <span class='ocrx_word' id='word_1_97' title='bbox 627 1842 806 1943; x_wconf 83' lang='lat' dir='ltr'><strong>intercipe,</strong></span> <span class='ocrx_word' id='word_1_98' title='bbox 825 1842 964 1929; x_wconf 83' lang='lat' dir='ltr'><strong>semina,</strong></span> <span class='ocrx_word' id='word_1_99' title='bbox 982 1860 1135 1930; x_wconf 86' lang='lat' dir='ltr'><strong>nostros,</strong></span> 
     </span>
    </p>
   </div>
   <div class='ocr_carea' id='block_1_5' title="bbox 136 2058 1280 4079">
    <p class='ocr_par' dir='ltr' id='par_1_9' title="bbox 136 2058 1280 4079">
     <span class='ocr_line' id='line_1_15' title="bbox 176 2058 1241 2129; baseline 0.004 -17"><span class='ocrx_word' id='word_1_100' title='bbox 176 2077 272 2120; x_wconf 69' lang='lat' dir='ltr'><strong>versos,</strong></span> <span class='ocrx_word' id='word_1_101' title='bbox 288 2077 352 2126; x_wconf 82' lang='lat' dir='ltr'><strong>quoe</strong></span> <span class='ocrx_word' id='word_1_102' title='bbox 367 2058 425 2126; x_wconf 79' lang='lat' dir='ltr'><strong>quia</strong></span> <span class='ocrx_word' id='word_1_103' title='bbox 438 2058 484 2111; x_wconf 79' lang='lat' dir='ltr'><strong>sibi</strong></span> <span class='ocrx_word' id='word_1_104' title='bbox 498 2060 629 2128; x_wconf 72' lang='lat' dir='ltr'><strong>oppositos</strong></span> <span class='ocrx_word' id='word_1_105' title='bbox 640 2080 683 2129; x_wconf 85' lang='lat' dir='ltr'><strong>pe·</strong></span> <span class='ocrx_word' id='word_1_106' title='bbox 731 2064 861 2128; x_wconf 76' lang='lat' dir='ltr'><strong>aepndne,</strong></span> <span class='ocrx_word' id='word_1_107' title='bbox 877 2066 983 2114; x_wconf 72' lang='lat' dir='ltr'><strong>exuvias</strong></span> <span class='ocrx_word' id='word_1_108' title='bbox 993 2063 1100 2128; x_wconf 62' lang='lat' dir='ltr'><strong>dignun·</strong></span> <span class='ocrx_word' id='word_1_109' title='bbox 1110 2063 1241 2116; x_wconf 78' lang='lat' dir='ltr'><strong>Atalante</strong></span> 
     </span>
     <span class='ocr_line' id='line_1_16' title="bbox 175 2137 1241 2210; baseline 0.003 -18"><span class='ocrx_word' id='word_1_110' title='bbox 175 2139 214 2193; x_wconf 89' lang='lat' dir='ltr'><strong>tit.</strong></span> <span class='ocrx_word' id='word_1_111' title='bbox 232 2137 310 2206; x_wconf 81' lang='lat' dir='ltr'><strong>Apud</strong></span> <span class='ocrx_word' id='word_1_112' title='bbox 320 2138 511 2207; x_wconf 82' lang='lat' dir='ltr'><strong>Apollodorum</strong></span> <span class='ocrx_word' id='word_1_113' title='bbox 521 2139 639 2192; x_wconf 80' lang='lat' dir='ltr'><strong>vulnerat</strong></span> <span class='ocrx_word' id='word_1_114' title='bbox 648 2140 683 2193; x_wconf 87' lang='lat' dir='ltr'><strong>se·</strong></span> <span class='ocrx_word' id='word_1_115' title='bbox 731 2144 798 2193; x_wconf 78' lang='lat' dir='ltr'><strong>dare.</strong></span> <span class='ocrx_word' id='word_1_116' title='bbox 811 2140 865 2194; x_wconf 86' lang='lat' dir='ltr'><strong>Sed</strong></span> <span class='ocrx_word' id='word_1_117' title='bbox 879 2139 947 2210; x_wconf 87' lang='lat' dir='ltr'><strong>apud</strong></span> <span class='ocrx_word' id='word_1_118' title='bbox 963 2142 1092 2194; x_wconf 86' lang='lat' dir='ltr'><strong>Nostrum</strong></span> <span class='ocrx_word' id='word_1_119' title='bbox 1104 2140 1189 2194; x_wconf 86' lang='lat' dir='ltr'><strong>multo</strong></span> <span class='ocrx_word' id='word_1_120' title='bbox 1202 2154 1241 2195; x_wconf 79' lang='lat' dir='ltr'><strong>est</strong></span> 
     </span>
     <span class='ocr_line' id='line_1_17' title="bbox 174 2216 1239 2287; baseline 0.005 -20"><span class='ocrx_word' id='word_1_121' title='bbox 174 2235 233 2267; x_wconf 86' lang='lat' dir='ltr'><strong>rum</strong></span> <span class='ocrx_word' id='word_1_122' title='bbox 249 2221 281 2274; x_wconf 74' lang='lat' dir='ltr'><strong>de</strong></span> <span class='ocrx_word' id='word_1_123' title='bbox 293 2219 449 2281; x_wconf 75' lang='grc' dir='ltr'><strong><em>τῦνκινιὼνα,</em></strong></span> <span class='ocrx_word' id='word_1_124' title='bbox 461 2216 488 2268; x_wconf 88' lang='lat' dir='ltr'><strong>in</strong></span> <span class='ocrx_word' id='word_1_125' title='bbox 501 2216 550 2269; x_wconf 89' lang='lat' dir='ltr'><strong>ilia.</strong></span> <span class='ocrx_word' id='word_1_126' title='bbox 729 2218 872 2284; x_wconf 84' lang='lat' dir='ltr'><strong>urbanior,</strong></span> <span class='ocrx_word' id='word_1_127' title='bbox 896 2229 923 2270; x_wconf 86' lang='lat' dir='ltr'><strong>et</strong></span> <span class='ocrx_word' id='word_1_128' title='bbox 944 2229 1046 2287; x_wconf 86' lang='lat' dir='ltr'><strong>partem</strong></span> <span class='ocrx_word' id='word_1_129' title='bbox 1065 2229 1169 2272; x_wconf 86' lang='lat' dir='ltr'><strong>tantum</strong></span> <span class='ocrx_word' id='word_1_130' title='bbox 1192 2220 1239 2272; x_wconf 88' lang='lat' dir='ltr'><strong>sibi</strong></span> 
     </span>
     <span class='ocr_line' id='line_1_18' title="bbox 205 2295 1238 2366; baseline 0.002 -19"><span class='ocrx_word' id='word_1_131' title='bbox 205 2297 261 2365; x_wconf 66' lang='lat'><strong>4²¹0</strong></span> <span class='ocrx_word' id='word_1_132' title='bbox 282 2295 450 2360; x_wconf 71' lang='lat' dir='ltr'><strong>Consurgere,</strong></span> <span class='ocrx_word' id='word_1_133' title='bbox 468 2297 681 2365; x_wconf 86' lang='lat' dir='ltr'><strong>uteonjungant.</strong></span> <span class='ocrx_word' id='word_1_134' title='bbox 731 2297 819 2366; x_wconf 68' lang='lat' dir='ltr'><strong>glorie</strong></span> <span class='ocrx_word' id='word_1_135' title='bbox 838 2297 942 2364; x_wconf 78' lang='lat' dir='ltr'><strong>expetit.</strong></span> <span class='ocrx_word' id='word_1_136' title='bbox 962 2297 1017 2350; x_wconf 88' lang='lat' dir='ltr'><strong>Nec</strong></span> <span class='ocrx_word' id='word_1_137' title='bbox 1034 2297 1107 2362; x_wconf 79' lang='lat' dir='ltr'><strong>scio,</strong></span> <span class='ocrx_word' id='word_1_138' title='bbox 1131 2316 1164 2349; x_wconf 88' lang='lat' dir='ltr'><strong>an</strong></span> <span class='ocrx_word' id='word_1_139' title='bbox 1184 2317 1238 2349; x_wconf 92' lang='lat' dir='ltr'><strong>non</strong></span> 
     </span>
     <span class='ocr_line' id='line_1_19' title="bbox 172 2372 1239 2444; baseline 0.006 -24"><span class='ocrx_word' id='word_1_140' title='bbox 172 2398 205 2411; x_wconf 88' lang='lat'>-</span> <span class='ocrx_word' id='word_1_141' title='bbox 220 2372 282 2421; x_wconf 81' lang='lat' dir='ltr'><strong>Tela</strong></span> <span class='ocrx_word' id='word_1_142' title='bbox 294 2382 440 2433; x_wconf 70' lang='lat' dir='ltr'><strong>cruentant,</strong></span> <span class='ocrx_word' id='word_1_143' title='bbox 462 2373 518 2425; x_wconf 85' lang='lat' dir='ltr'><strong>telis</strong></span> <span class='ocrx_word' id='word_1_144' title='bbox 536 2383 658 2441; x_wconf 87' lang='lat' dir='ltr'><strong>pungunt</strong></span> <span class='ocrx_word' id='word_1_145' title='bbox 672 2411 679 2437; x_wconf 98' lang='lat'><strong>,</strong></span> <span class='ocrx_word' id='word_1_146' title='bbox 731 2385 833 2444; x_wconf 69' lang='lat' dir='ltr'><strong>prestet</strong></span> <span class='ocrx_word' id='word_1_147' title='bbox 847 2394 878 2427; x_wconf 81' lang='lat' dir='ltr'><strong>eu</strong></span> <span class='ocrx_word' id='word_1_148' title='bbox 889 2393 943 2426; x_wconf 88' lang='lat' dir='ltr'><strong>uno</strong></span> <span class='ocrx_word' id='word_1_149' title='bbox 955 2374 1015 2428; x_wconf 88' lang='lat' dir='ltr'><strong>MS.</strong></span> <span class='ocrx_word' id='word_1_150' title='bbox 1028 2380 1068 2427; x_wconf 80' lang='lat' dir='ltr'><strong>tui</strong></span> <span class='ocrx_word' id='word_1_151' title='bbox 1069 2376 1154 2442; x_wconf 81' lang='lat' dir='ltr'><strong>juris,</strong></span> <span class='ocrx_word' id='word_1_152' title='bbox 1168 2375 1239 2444; x_wconf 85' lang='lat' dir='ltr'><strong>quod</strong></span> 
     </span>
     <span class='ocr_line' id='line_1_20' title="bbox 173 2448 1240 2521; baseline 0.005 -22"><span class='ocrx_word' id='word_1_153' title='bbox 173 2448 213 2500; x_wconf 81' lang='lat' dir='ltr'><strong>rel</strong></span> <span class='ocrx_word' id='word_1_154' title='bbox 225 2448 366 2500; x_wconf 77' lang='lat' dir='ltr'><strong>insultandi</strong></span> <span class='ocrx_word' id='word_1_155' title='bbox 378 2470 469 2514; x_wconf 82' lang='lat' dir='ltr'><strong>causa,</strong></span> <span class='ocrx_word' id='word_1_156' title='bbox 481 2449 520 2501; x_wconf 87' lang='lat' dir='ltr'><strong>vel</strong></span> <span class='ocrx_word' id='word_1_157' title='bbox 529 2461 556 2501; x_wconf 93' lang='lat' dir='ltr'><strong>ut</strong></span> <span class='ocrx_word' id='word_1_158' title='bbox 567 2487 574 2512; x_wconf 94' lang='lat'><strong>,</strong></span> <span class='ocrx_word' id='word_1_159' title='bbox 584 2449 604 2501; x_wconf 84' lang='lat' dir='ltr'><strong>ai</strong></span> <span class='ocrx_word' id='word_1_160' title='bbox 613 2450 682 2501; x_wconf 84' lang='lat' dir='ltr'><strong>vivat</strong></span> <span class='ocrx_word' id='word_1_161' title='bbox 730 2463 757 2504; x_wconf 89' lang='lat' dir='ltr'><strong>et</strong></span> <span class='ocrx_word' id='word_1_162' title='bbox 771 2451 882 2505; x_wconf 80' lang='lat' dir='ltr'><strong>Heinsio</strong></span> <span class='ocrx_word' id='word_1_163' title='bbox 894 2451 1027 2521; x_wconf 81' lang='lat' dir='ltr'><strong>placebat,</strong></span> <span class='ocrx_word' id='word_1_164' title='bbox 1047 2463 1076 2504; x_wconf 92' lang='lat' dir='ltr'><strong>ut</strong></span> <span class='ocrx_word' id='word_1_165' title='bbox 1090 2452 1145 2521; x_wconf 85' lang='lat' dir='ltr'><strong>apri</strong></span> <span class='ocrx_word' id='word_1_166' title='bbox 1157 2453 1240 2504; x_wconf 91' lang='lat' dir='ltr'><strong>inter-</strong></span> 
     </span>
     <span class='ocr_line' id='line_1_21' title="bbox 174 2523 1239 2598; baseline 0.004 -21"><span class='ocrx_word' id='word_1_167' title='bbox 174 2523 257 2578; x_wconf 86' lang='lat' dir='ltr'><strong>adbuc</strong></span> <span class='ocrx_word' id='word_1_168' title='bbox 268 2565 275 2590; x_wconf 92' lang='lat'><strong>,</strong></span> <span class='ocrx_word' id='word_1_169' title='bbox 292 2527 396 2595; x_wconf 75' lang='lat' dir='ltr'><strong>penum</strong></span> <span class='ocrx_word' id='word_1_170' title='bbox 407 2526 574 2579; x_wconf 85' lang='lat' dir='ltr'><strong>interficiant.</strong></span> <span class='ocrx_word' id='word_1_171' title='bbox 584 2528 682 2591; x_wconf 82' lang='lat' dir='ltr'><strong>-Ipse</strong></span> <span class='ocrx_word' id='word_1_172' title='bbox 731 2529 792 2581; x_wconf 87' lang='lat' dir='ltr'><strong>secti</strong></span> <span class='ocrx_word' id='word_1_173' title='bbox 804 2528 913 2596; x_wconf 79' lang='lat' dir='ltr'><strong>gloriam</strong></span> <span class='ocrx_word' id='word_1_174' title='bbox 925 2528 960 2581; x_wconf 92' lang='lat' dir='ltr'><strong>illi</strong></span> <span class='ocrx_word' id='word_1_175' title='bbox 973 2527 1065 2595; x_wconf 86' lang='lat' dir='ltr'><strong>cedat,</strong></span> <span class='ocrx_word' id='word_1_176' title='bbox 1085 2548 1143 2597; x_wconf 76' lang='lat' dir='ltr'><strong>quae</strong></span> <span class='ocrx_word' id='word_1_177' title='bbox 1155 2529 1239 2598; x_wconf 88' lang='lat' dir='ltr'><strong>prima</strong></span> 
     </span>
     <span class='ocr_line' id='line_1_22' title="bbox 174 2594 1241 2671; baseline 0.007 -17"><span class='ocrx_word' id='word_1_178' title='bbox 174 2594 308 2671; x_wconf 79' lang='lat' dir='ltr'><strong>Meleager</strong></span> <span class='ocrx_word' id='word_1_179' title='bbox 315 2607 403 2671; x_wconf 77' lang='lat' dir='ltr'><strong>peden</strong></span> <span class='ocrx_word' id='word_1_180' title='bbox 414 2609 538 2669; x_wconf 76' lang='lat' dir='ltr'><strong>imponit,</strong></span> <span class='ocrx_word' id='word_1_181' title='bbox 554 2622 628 2657; x_wconf 88' lang='lat' dir='ltr'><strong>more</strong></span> <span class='ocrx_word' id='word_1_182' title='bbox 640 2623 682 2656; x_wconf 81' lang='lat' dir='ltr'><strong>ve·</strong></span> <span class='ocrx_word' id='word_1_183' title='bbox 730 2609 813 2660; x_wconf 86' lang='lat' dir='ltr'><strong>seram</strong></span> <span class='ocrx_word' id='word_1_184' title='bbox 827 2607 1017 2661; x_wconf 80' lang='lat' dir='ltr'><strong>vulneraverat.</strong></span> <span class='ocrx_word' id='word_1_185' title='bbox 1040 2606 1119 2660; x_wconf 87' lang='lat' dir='ltr'><strong>Certe</strong></span> <span class='ocrx_word' id='word_1_186' title='bbox 1132 2627 1146 2660; x_wconf 91' lang='lat' dir='ltr'><strong>a</strong></span> <span class='ocrx_word' id='word_1_187' title='bbox 1158 2605 1241 2661; x_wconf 87' lang='lat' dir='ltr'><strong>Calli-</strong></span> 
     </span>
     <span class='ocr_line' id='line_1_23' title="bbox 174 2679 1237 2750; baseline 0.006 -18"><span class='ocrx_word' id='word_1_188' title='bbox 174 2689 261 2732; x_wconf 88' lang='lat' dir='ltr'><strong>terum</strong></span> <span class='ocrx_word' id='word_1_189' title='bbox 271 2679 594 2748; x_wconf 77' lang='lat' dir='ltr'><strong>heroum,quicaesolaosti</strong></span> <span class='ocrx_word' id='word_1_190' title='bbox 607 2679 681 2733; x_wconf 78' lang='lat' dir='ltr'><strong>(lictis</strong></span> <span class='ocrx_word' id='word_1_191' title='bbox 730 2685 824 2738; x_wconf 86' lang='lat' dir='ltr'><strong>macho</strong></span> <span class='ocrx_word' id='word_1_192' title='bbox 837 2686 958 2739; x_wconf 79' lang='lat' dir='ltr'><strong>Atalanta</strong></span> <span class='ocrx_word' id='word_1_193' title='bbox 977 2695 1085 2738; x_wconf 85' lang='lat' dir='ltr'><strong>vocatur</strong></span> <span class='ocrx_word' id='word_1_194' title='bbox 1102 2691 1216 2745; x_wconf 64' lang='lat' dir='ltr'><strong>avenione</strong></span> <span class='ocrx_word' id='word_1_195' title='bbox 1231 2726 1237 2750; x_wconf 94' lang='lat'><strong>,</strong></span> 
     </span>
     <span class='ocr_line' id='line_1_24' title="bbox 175 2757 1239 2834; baseline 0.005 -22"><span class='ocrx_word' id='word_1_196' title='bbox 175 2771 201 2812; x_wconf 89' lang='lat' dir='ltr'><strong>et</strong></span> <span class='ocrx_word' id='word_1_197' title='bbox 209 2759 280 2813; x_wconf 76' lang='lat' dir='ltr'><strong>lactis</strong></span> <span class='ocrx_word' id='word_1_198' title='bbox 288 2760 413 2812; x_wconf 75' lang='lat' dir='ltr'><strong>insultare</strong></span> <span class='ocrx_word' id='word_1_199' title='bbox 423 2801 429 2824; x_wconf 92' lang='lat'><strong>,</strong></span> <span class='ocrx_word' id='word_1_200' title='bbox 439 2778 553 2828; x_wconf 85' lang='lat' dir='ltr'><strong>eumque</strong></span> <span class='ocrx_word' id='word_1_201' title='bbox 563 2757 627 2828; x_wconf 86' lang='lat' dir='ltr'><strong>pede</strong></span> <span class='ocrx_word' id='word_1_202' title='bbox 635 2761 682 2811; x_wconf 87' lang='lat' dir='ltr'><strong>im·</strong></span> <span class='ocrx_word' id='word_1_203' title='bbox 730 2763 926 2834; x_wconf 68' lang='lat' dir='ltr'><strong>amicicia-Illi</strong></span> <span class='ocrx_word' id='word_1_204' title='bbox 935 2766 1022 2815; x_wconf 78' lang='lat' dir='ltr'><strong>dentes</strong></span> <span class='ocrx_word' id='word_1_205' title='bbox 1031 2762 1101 2832; x_wconf 84' lang='lat' dir='ltr'><strong>apud</strong></span> <span class='ocrx_word' id='word_1_206' title='bbox 1111 2764 1239 2832; x_wconf 74' lang='lat' dir='ltr'><strong>Tegeatae</strong></span> 
     </span>
     <span class='ocr_line' id='line_1_25' title="bbox 174 2838 1239 2910; baseline 0.002 -19"><span class='ocrx_word' id='word_1_207' title='bbox 174 2839 258 2908; x_wconf 77' lang='lat' dir='ltr'><strong>posito</strong></span> <span class='ocrx_word' id='word_1_208' title='bbox 266 2856 385 2906; x_wconf 84' lang='lat' dir='ltr'><strong>premere</strong></span> <span class='ocrx_word' id='word_1_209' title='bbox 394 2838 519 2892; x_wconf 77' lang='lat' dir='ltr'><strong>solebant.</strong></span> <span class='ocrx_word' id='word_1_210' title='bbox 531 2838 636 2892; x_wconf 82' lang='lat' dir='ltr'><strong>AEneitl.</strong></span> <span class='ocrx_word' id='word_1_211' title='bbox 645 2840 680 2907; x_wconf 85' lang='lat' dir='ltr'><strong>X,</strong></span> <span class='ocrx_word' id='word_1_212' title='bbox 728 2842 822 2895; x_wconf 81' lang='lat' dir='ltr'><strong>servati</strong></span> <span class='ocrx_word' id='word_1_213' title='bbox 835 2842 866 2894; x_wconf 88' lang='lat' dir='ltr'><strong>ab</strong></span> <span class='ocrx_word' id='word_1_214' title='bbox 880 2842 997 2910; x_wconf 77' lang='lat' dir='ltr'><strong>Augusto</strong></span> <span class='ocrx_word' id='word_1_215' title='bbox 1006 2840 1119 2893; x_wconf 82' lang='lat' dir='ltr'><strong>Romam</strong></span> <span class='ocrx_word' id='word_1_216' title='bbox 1126 2840 1239 2893; x_wconf 80' lang='lat' dir='ltr'><strong>auntde·</strong></span> 
     </span>
     <span class='ocr_line' id='line_1_26' title="bbox 175 2915 1239 2990; baseline 0 -22"><span class='ocrx_word' id='word_1_217' title='bbox 175 2915 413 2988; x_wconf 64' lang='lat' dir='ltr'><strong>69⁵3X112356·</strong></span> <span class='ocrx_word' id='word_1_218' title='bbox 443 2984 446 2990; x_wconf 91' lang='lat'><strong>.</strong></span> <span class='ocrx_word' id='word_1_219' title='bbox 729 2919 781 2973; x_wconf 87' lang='lat' dir='ltr'><strong>lati.</strong></span> <span class='ocrx_word' id='word_1_220' title='bbox 791 2920 940 2982; x_wconf 79' lang='lat' dir='ltr'><strong>Pausaniae,</strong></span> <span class='ocrx_word' id='word_1_221' title='bbox 953 2916 1079 2984; x_wconf 74' lang='lat' dir='ltr'><strong>Arcadp.</strong></span> <span class='ocrx_word' id='word_1_222' title='bbox 1089 2916 1146 2985; x_wconf 68' lang='lat'><strong>694.</strong></span> <span class='ocrx_word' id='word_1_223' title='bbox 1160 2915 1239 2984; x_wconf 81' lang='lat' dir='ltr'><strong>Apud</strong></span> 
     </span>
     <span class='ocr_line' id='line_1_27' title="bbox 208 2989 1239 3061; baseline 0 -18"><span class='ocrx_word' id='word_1_224' title='bbox 208 2992 397 3058; x_wconf 64' lang='lat' dir='ltr'><strong>dab-l&#39;polr‘unr.</strong></span> <span class='ocrx_word' id='word_1_225' title='bbox 415 2991 686 3061; x_wconf 75' lang='lat' dir='ltr'><strong>pellietletraeta,nrer‘</strong></span> <span class='ocrx_word' id='word_1_226' title='bbox 729 2993 838 3048; x_wconf 73' lang='lat' dir='ltr'><strong>eoadem</strong></span> <span class='ocrx_word' id='word_1_227' title='bbox 850 2993 978 3060; x_wconf 77' lang='lat' dir='ltr'><strong>Tegeatae</strong></span> <span class='ocrx_word' id='word_1_228' title='bbox 997 2990 1070 3060; x_wconf 79' lang='lat' dir='ltr'><strong>pellis</strong></span> <span class='ocrx_word' id='word_1_229' title='bbox 1085 2989 1163 3056; x_wconf 66' lang='lat' dir='ltr'><strong>hujus</strong></span> <span class='ocrx_word' id='word_1_230' title='bbox 1183 2992 1239 3060; x_wconf 89' lang='lat' dir='ltr'><strong>apri</strong></span> 
     </span>
     <span class='ocr_line' id='line_1_28' title="bbox 168 3062 1280 3140; baseline -0.001 -18"><span class='ocrx_word' id='word_1_231' title='bbox 168 3070 251 3136; x_wconf 73' lang='lat' dir='ltr'><strong>jactis,</strong></span> <span class='ocrx_word' id='word_1_232' title='bbox 266 3088 324 3136; x_wconf 76' lang='lat' dir='ltr'><strong>quae</strong></span> <span class='ocrx_word' id='word_1_233' title='bbox 338 3069 401 3121; x_wconf 89' lang='lat' dir='ltr'><strong>mibi</strong></span> <span class='ocrx_word' id='word_1_234' title='bbox 414 3062 532 3123; x_wconf 84' lang='lat' dir='ltr'><strong>debetur.</strong></span> <span class='ocrx_word' id='word_1_235' title='bbox 544 3072 682 3139; x_wconf 75' lang='lat' dir='ltr'><strong>Ejusmodi</strong></span> <span class='ocrx_word' id='word_1_236' title='bbox 730 3067 1238 3140; x_wconf 76' lang='lat' dir='ltr'><strong>praeseniojamputreaeensPautaniae</strong></span> <span class='ocrx_word' id='word_1_237' title='bbox 1278 3134 1280 3139; x_wconf 48' lang='lat'><strong>.</strong></span> 
     </span>
     <span class='ocr_line' id='line_1_29' title="bbox 175 3144 1237 3220; baseline -0.003 -21"><span class='ocrx_word' id='word_1_238' title='bbox 175 3147 278 3199; x_wconf 79' lang='lat' dir='ltr'><strong>exuvias</strong></span> <span class='ocrx_word' id='word_1_239' title='bbox 307 3148 464 3216; x_wconf 86' lang='lat' dir='ltr'><strong>appetebant</strong></span> <span class='ocrx_word' id='word_1_240' title='bbox 489 3168 543 3201; x_wconf 88' lang='lat' dir='ltr'><strong>non</strong></span> <span class='ocrx_word' id='word_1_241' title='bbox 571 3151 680 3217; x_wconf 78' lang='lat' dir='ltr'><strong>minus,</strong></span> <span class='ocrx_word' id='word_1_242' title='bbox 730 3150 815 3203; x_wconf 83' lang='lat' dir='ltr'><strong>adbuc</strong></span> <span class='ocrx_word' id='word_1_243' title='bbox 825 3157 899 3201; x_wconf 74' lang='lat' dir='ltr'><strong>aetate</strong></span> <span class='ocrx_word' id='word_1_244' title='bbox 910 3144 1118 3211; x_wconf 79' lang='lat' dir='ltr'><strong>ostendebatur,</strong></span> <span class='ocrx_word' id='word_1_245' title='bbox 1142 3166 1167 3215; x_wconf 85' lang='lat' dir='ltr'><strong>p.</strong></span> <span class='ocrx_word' id='word_1_246' title='bbox 1179 3147 1237 3220; x_wconf 75' lang='lat'><strong>595,</strong></span> 
     </span>
     <span class='ocr_line' id='line_1_30' title="bbox 175 3221 1240 3294; baseline 0.002 -18"><span class='ocrx_word' id='word_1_247' title='bbox 175 3242 254 3294; x_wconf 79' lang='lat' dir='ltr'><strong>quarn</strong></span> <span class='ocrx_word' id='word_1_248' title='bbox 266 3244 338 3277; x_wconf 89' lang='lat' dir='ltr'><strong>arma</strong></span> <span class='ocrx_word' id='word_1_249' title='bbox 348 3225 463 3279; x_wconf 80' lang='lat' dir='ltr'><strong>hostibus</strong></span> <span class='ocrx_word' id='word_1_250' title='bbox 478 3229 565 3281; x_wconf 80' lang='lat' dir='ltr'><strong>occisis</strong></span> <span class='ocrx_word' id='word_1_251' title='bbox 579 3228 683 3283; x_wconf 87' lang='lat' dir='ltr'><strong>detrac-</strong></span> <span class='ocrx_word' id='word_1_252' title='bbox 730 3230 762 3282; x_wconf 89' lang='lat' dir='ltr'><strong>ln</strong></span> <span class='ocrx_word' id='word_1_253' title='bbox 775 3224 891 3279; x_wconf 72' lang='lat' dir='ltr'><strong>nummis</strong></span> <span class='ocrx_word' id='word_1_254' title='bbox 903 3221 969 3275; x_wconf 86' lang='lat' dir='ltr'><strong>adeo</strong></span> <span class='ocrx_word' id='word_1_255' title='bbox 980 3223 1007 3275; x_wconf 91' lang='lat' dir='ltr'><strong>bi</strong></span> <span class='ocrx_word' id='word_1_256' title='bbox 1019 3222 1181 3277; x_wconf 72' lang='lat' dir='ltr'><strong>(lentescunt</strong></span> <span class='ocrx_word' id='word_1_257' title='bbox 1192 3247 1240 3279; x_wconf 84' lang='lat' dir='ltr'><strong>ve-</strong></span> 
     </span>
     <span class='ocr_line' id='line_1_31' title="bbox 136 3300 1235 3371; baseline -0.002 -14"><span class='ocrx_word' id='word_1_258' title='bbox 136 3358 139 3365; x_wconf 69' lang='grc'><strong>,</strong></span> <span class='ocrx_word' id='word_1_259' title='bbox 175 3314 200 3357; x_wconf 81' lang='lat' dir='ltr'><strong>tn</strong></span> <span class='ocrx_word' id='word_1_260' title='bbox 210 3341 217 3367; x_wconf 97' lang='lat'><strong>,</strong></span> <span class='ocrx_word' id='word_1_261' title='bbox 229 3301 311 3371; x_wconf 79' lang='lat' dir='ltr'><strong>iisque</strong></span> <span class='ocrx_word' id='word_1_262' title='bbox 323 3303 504 3357; x_wconf 81' lang='lat' dir='ltr'><strong>fortitudinem</strong></span> <span class='ocrx_word' id='word_1_263' title='bbox 512 3325 586 3358; x_wconf 84' lang='lat' dir='ltr'><strong>suam</strong></span> <span class='ocrx_word' id='word_1_264' title='bbox 598 3318 683 3359; x_wconf 79' lang='lat' dir='ltr'><strong>osten·</strong></span> <span class='ocrx_word' id='word_1_265' title='bbox 727 3305 823 3358; x_wconf 90' lang='lat' dir='ltr'><strong>nabulo</strong></span> <span class='ocrx_word' id='word_1_266' title='bbox 836 3300 963 3371; x_wconf 83' lang='lat' dir='ltr'><strong>Meleagri</strong></span> <span class='ocrx_word' id='word_1_267' title='bbox 975 3305 1152 3371; x_wconf 66' lang='lat' dir='ltr'><strong>reprmntati</strong></span> <span class='ocrx_word' id='word_1_268' title='bbox 1164 3318 1235 3359; x_wconf 78' lang='lat' dir='ltr'><strong>sunt.</strong></span> 
     </span>
     <span class='ocr_line' id='line_1_32' title="bbox 173 3379 1238 3450; baseline 0.001 -15"><span class='ocrx_word' id='word_1_269' title='bbox 173 3384 272 3435; x_wconf 87' lang='lat' dir='ltr'><strong>tabant.</strong></span> <span class='ocrx_word' id='word_1_270' title='bbox 284 3381 328 3435; x_wconf 86' lang='lat' dir='ltr'><strong>Sic</strong></span> <span class='ocrx_word' id='word_1_271' title='bbox 344 3382 471 3446; x_wconf 78' lang='lat' dir='ltr'><strong>Herculea</strong></span> <span class='ocrx_word' id='word_1_272' title='bbox 487 3385 569 3439; x_wconf 86' lang='lat' dir='ltr'><strong>leonis</strong></span> <span class='ocrx_word' id='word_1_273' title='bbox 581 3384 682 3439; x_wconf 73' lang='lat' dir='ltr'><strong>Nemaei</strong></span> <span class='ocrx_word' id='word_1_274' title='bbox 729 3381 798 3435; x_wconf 86' lang='lat' dir='ltr'><strong>Vide</strong></span> <span class='ocrx_word' id='word_1_275' title='bbox 811 3379 955 3450; x_wconf 78' lang='lat' dir='ltr'><strong>spanhem.</strong></span> <span class='ocrx_word' id='word_1_276' title='bbox 967 3379 999 3433; x_wconf 88' lang='lat' dir='ltr'><strong>ad</strong></span> <span class='ocrx_word' id='word_1_277' title='bbox 1013 3380 1167 3435; x_wconf 88' lang='lat' dir='ltr'><strong>Callimachi</strong></span> <span class='ocrx_word' id='word_1_278' title='bbox 1176 3383 1238 3436; x_wconf 87' lang='lat' dir='ltr'><strong>‹lic-</strong></span> 
     </span>
     <span class='ocr_line' id='line_1_33' title="bbox 173 3459 903 3532; baseline -0.003 -19"><span class='ocrx_word' id='word_1_279' title='bbox 173 3459 254 3529; x_wconf 80' lang='lat' dir='ltr'><strong>spolio</strong></span> <span class='ocrx_word' id='word_1_280' title='bbox 267 3460 390 3512; x_wconf 89' lang='lat' dir='ltr'><strong>utebatur</strong></span> <span class='ocrx_word' id='word_1_281' title='bbox 401 3480 449 3528; x_wconf 88' lang='lat' dir='ltr'><strong>pro</strong></span> <span class='ocrx_word' id='word_1_282' title='bbox 460 3463 582 3532; x_wconf 86' lang='lat' dir='ltr'><strong>tegmine.</strong></span> <span class='ocrx_word' id='word_1_283' title='bbox 594 3463 681 3530; x_wconf 77' lang='lat' dir='ltr'><strong>Atque</strong></span> <span class='ocrx_word' id='word_1_284' title='bbox 730 3470 788 3514; x_wconf 86' lang='lat' dir='ltr'><strong>tum</strong></span> <span class='ocrx_word' id='word_1_285' title='bbox 808 3461 903 3512; x_wconf 90' lang='lat' dir='ltr'><strong>locum.</strong></span> 
     </span>
     <span class='ocr_line' id='line_1_34' title="bbox 172 3539 1237 3610; baseline 0.001 -18"><span class='ocrx_word' id='word_1_286' title='bbox 172 3539 251 3592; x_wconf 89' lang='lat' dir='ltr'><strong>etiarn</strong></span> <span class='ocrx_word' id='word_1_287' title='bbox 271 3559 343 3593; x_wconf 91' lang='lat' dir='ltr'><strong>nunc</strong></span> <span class='ocrx_word' id='word_1_288' title='bbox 365 3554 547 3610; x_wconf 83' lang='lat' dir='ltr'><strong>pugnaverant</strong></span> <span class='ocrx_word' id='word_1_289' title='bbox 570 3543 602 3594; x_wconf 89' lang='lat' dir='ltr'><strong>de</strong></span> <span class='ocrx_word' id='word_1_290' title='bbox 625 3539 681 3609; x_wconf 86' lang='lat' dir='ltr'><strong>apri</strong></span> <span class='ocrx_word' id='word_1_291' title='bbox 761 3541 816 3606; x_wconf 67' lang='lat'><strong>432.</strong></span> <span class='ocrx_word' id='word_1_292' title='bbox 843 3540 981 3591; x_wconf 77' lang='lat' dir='ltr'><strong>Tendentes</strong></span> <span class='ocrx_word' id='word_1_293' title='bbox 1002 3541 1128 3602; x_wconf 63' lang='lat' dir='ltr'><strong>brecheim</strong></span> <span class='ocrx_word' id='word_1_294' title='bbox 1151 3548 1237 3604; x_wconf 78' lang='lat' dir='ltr'><strong>gestus</strong></span> 
     </span>
     <span class='ocr_line' id='line_1_35' title="bbox 172 3616 1236 3697; baseline 0 -27"><span class='ocrx_word' id='word_1_295' title='bbox 172 3624 256 3697; x_wconf 58' lang='lat' dir='ltr'><strong>argatj</strong></span> <span class='ocrx_word' id='word_1_296' title='bbox 268 3627 308 3674; x_wconf 71' lang='grc' dir='ltr'><strong>καὶ</strong></span> <span class='ocrx_word' id='word_1_297' title='bbox 323 3624 418 3694; x_wconf 47' lang='lat' dir='ltr'><strong>dignere</strong></span> <span class='ocrx_word' id='word_1_298' title='bbox 434 3627 556 3689; x_wconf 65' lang='lat' dir='ltr'><strong>taxatam</strong></span> <span class='ocrx_word' id='word_1_299' title='bbox 570 3618 680 3671; x_wconf 85' lang='lat' dir='ltr'><strong>Homer.</strong></span> <span class='ocrx_word' id='word_1_300' title='bbox 729 3616 927 3686; x_wconf 86' lang='lat' dir='ltr'><strong>indignabunde</strong></span> <span class='ocrx_word' id='word_1_301' title='bbox 939 3619 1135 3690; x_wconf 76' lang='lat' dir='ltr'><strong>imperantis.-</strong></span> <span class='ocrx_word' id='word_1_302' title='bbox 1141 3620 1236 3681; x_wconf 68' lang='lat' dir='ltr'><strong>Tituli,</strong></span> 
     </span>
     <span class='ocr_line' id='line_1_36' title="bbox 173 3693 1237 3766; baseline 0.002 -19"><span class='ocrx_word' id='word_1_303' title='bbox 173 3695 679 3766; x_wconf 58' lang='lat' dir='ltr'><strong>vorsu544-.Vonacrtir.Regiinoatri,</strong></span> <span class='ocrx_word' id='word_1_304' title='bbox 729 3693 869 3764; x_wconf 78' lang='lat' dir='ltr'><strong>gloriosum</strong></span> <span class='ocrx_word' id='word_1_305' title='bbox 890 3698 1046 3765; x_wconf 66' lang='lat' dir='ltr'><strong>premium,</strong></span> <span class='ocrx_word' id='word_1_306' title='bbox 1067 3706 1112 3748; x_wconf 87' lang='lat' dir='ltr'><strong>aut</strong></span> <span class='ocrx_word' id='word_1_307' title='bbox 1132 3696 1237 3764; x_wconf 74' lang='lat' dir='ltr'><strong>signum</strong></span> 
     </span>
     <span class='ocr_line' id='line_1_37' title="bbox 174 3771 1239 3843; baseline 0.006 -21"><span class='ocrx_word' id='word_1_308' title='bbox 174 3773 315 3841; x_wconf 83' lang='lat' dir='ltr'><strong>Nonacrea,</strong></span> <span class='ocrx_word' id='word_1_309' title='bbox 326 3774 454 3828; x_wconf 79' lang='lat' dir='ltr'><strong>Atalanta.</strong></span> <span class='ocrx_word' id='word_1_310' title='bbox 461 3771 597 3836; x_wconf 84' lang='lat' dir='ltr'><strong>Nonacria,</strong></span> <span class='ocrx_word' id='word_1_311' title='bbox 604 3790 681 3825; x_wconf 79' lang='lat' dir='ltr'><strong>mons</strong></span> <span class='ocrx_word' id='word_1_312' title='bbox 727 3771 849 3826; x_wconf 75' lang='lat' dir='ltr'><strong>facinoris</strong></span> <span class='ocrx_word' id='word_1_313' title='bbox 860 3775 965 3843; x_wconf 82' lang='lat' dir='ltr'><strong>egregii.</strong></span> <span class='ocrx_word' id='word_1_314' title='bbox 975 3803 1007 3814; x_wconf 96' lang='lat'>-</span> <span class='ocrx_word' id='word_1_315' title='bbox 1016 3773 1057 3826; x_wconf 90' lang='lat' dir='ltr'><strong>De</strong></span> <span class='ocrx_word' id='word_1_316' title='bbox 1069 3772 1151 3826; x_wconf 82' lang='lat' dir='ltr'><strong>verbo</strong></span> <span class='ocrx_word' id='word_1_317' title='bbox 1159 3779 1239 3828; x_wconf 77' lang='lat' dir='ltr'><strong>ritter-</strong></span> 
     </span>
     <span class='ocr_line' id='line_1_38' title="bbox 176 3850 1237 3924; baseline 0.002 -22"><span class='ocrx_word' id='word_1_318' title='bbox 176 3850 294 3906; x_wconf 69' lang='lat' dir='ltr'><strong>Arcadia</strong></span> <span class='ocrx_word' id='word_1_319' title='bbox 303 3851 681 3924; x_wconf 79' lang='lat' dir='ltr'><strong>frigidissimaStygisaquasa-</strong></span> <span class='ocrx_word' id='word_1_320' title='bbox 728 3853 815 3916; x_wconf 69' lang='lat' dir='ltr'><strong>ttinere,</strong></span> <span class='ocrx_word' id='word_1_321' title='bbox 828 3851 859 3904; x_wconf 84' lang='lat' dir='ltr'><strong>ad</strong></span> <span class='ocrx_word' id='word_1_322' title='bbox 870 3872 974 3906; x_wconf 76' lang='lat' dir='ltr'><strong>vernum</strong></span> <span class='ocrx_word' id='word_1_323' title='bbox 983 3855 1184 3922; x_wconf 67' lang='lat' dir='ltr'><strong>aqu-Nostros,</strong></span> <span class='ocrx_word' id='word_1_324' title='bbox 1193 3854 1237 3922; x_wconf 85' lang='lat' dir='ltr'><strong>qui</strong></span> 
     </span>
     <span class='ocr_line' id='line_1_39' title="bbox 176 3928 1236 4000; baseline 0.001 -20"><span class='ocrx_word' id='word_1_325' title='bbox 176 3945 272 3981; x_wconf 72' lang='lat' dir='ltr'><strong>motus.</strong></span> <span class='ocrx_word' id='word_1_326' title='bbox 285 3932 334 3985; x_wconf 84' lang='lat' dir='ltr'><strong>Ed.</strong></span> <span class='ocrx_word' id='word_1_327' title='bbox 345 3960 378 3994; x_wconf 64' lang='grc' dir='ltr'><strong>ς·-</strong></span> <span class='ocrx_word' id='word_1_328' title='bbox 394 3934 503 3989; x_wconf 74' lang='lat' dir='ltr'><strong>Vendit,</strong></span> <span class='ocrx_word' id='word_1_329' title='bbox 519 3928 680 3999; x_wconf 81' lang='lat' dir='ltr'><strong>elegantius,</strong></span> <span class='ocrx_word' id='word_1_330' title='bbox 727 3929 803 3983; x_wconf 76' lang='lat' dir='ltr'><strong>nobie</strong></span> <span class='ocrx_word' id='word_1_331' title='bbox 815 3929 946 3986; x_wconf 87' lang='lat' dir='ltr'><strong>debentur</strong></span> <span class='ocrx_word' id='word_1_332' title='bbox 958 3941 1014 3983; x_wconf 91' lang='lat' dir='ltr'><strong>tum</strong></span> <span class='ocrx_word' id='word_1_333' title='bbox 1030 3951 1126 4000; x_wconf 87' lang='lat' dir='ltr'><strong>genere</strong></span> <span class='ocrx_word' id='word_1_334' title='bbox 1147 3931 1236 4000; x_wconf 80' lang='lat' dir='ltr'><strong>prori-</strong></span> 
     </span>
     <span class='ocr_line' id='line_1_40' title="bbox 174 4005 1235 4079; baseline 0.003 -23"><span class='ocrx_word' id='word_1_335' title='bbox 174 4022 269 4074; x_wconf 89' lang='lat' dir='ltr'><strong>quam,</strong></span> <span class='ocrx_word' id='word_1_336' title='bbox 282 4011 422 4079; x_wconf 85' lang='lat' dir='ltr'><strong>contingat.</strong></span> <span class='ocrx_word' id='word_1_337' title='bbox 435 4005 505 4059; x_wconf 77' lang='lat' dir='ltr'><strong>Vide</strong></span> <span class='ocrx_word' id='word_1_338' title='bbox 519 4006 551 4058; x_wconf 78' lang='lat' dir='ltr'><strong>ael</strong></span> <span class='ocrx_word' id='word_1_339' title='bbox 565 4008 610 4074; x_wconf 91' lang='lat' dir='ltr'><strong>ll,</strong></span> <span class='ocrx_word' id='word_1_340' title='bbox 624 4009 680 4063; x_wconf 75' lang='lat'><strong>862.</strong></span> <span class='ocrx_word' id='word_1_341' title='bbox 728 4028 771 4063; x_wconf 89' lang='lat' dir='ltr'><strong>me</strong></span> <span class='ocrx_word' id='word_1_342' title='bbox 784 4010 971 4079; x_wconf 83' lang='lat' dir='ltr'><strong>attingentibus</strong></span> <span class='ocrx_word' id='word_1_343' title='bbox 984 4011 1161 4079; x_wconf 88' lang='lat' dir='ltr'><strong>Meleagrum,</strong></span> <span class='ocrx_word' id='word_1_344' title='bbox 1177 4019 1235 4060; x_wconf 87' lang='lat' dir='ltr'><strong>tum</strong></span> 
     </span>
    </p>
   </div>
   <div class='ocr_carea' id='block_1_6' title="bbox 172 4082 1339 4161">
    <p class='ocr_par' dir='ltr' id='par_1_10' title="bbox 172 4082 1339 4161">
     <span class='ocr_line' id='line_1_41' title="bbox 172 4082 1339 4161; baseline 0.003 -26"><span class='ocrx_word' id='word_1_345' title='bbox 172 4082 259 4136; x_wconf 74' lang='lat' dir='ltr'><strong>Attius</strong></span> <span class='ocrx_word' id='word_1_346' title='bbox 267 4084 293 4137; x_wconf 90' lang='lat' dir='ltr'><strong>in</strong></span> <span class='ocrx_word' id='word_1_347' title='bbox 302 4084 454 4154; x_wconf 82' lang='lat' dir='ltr'><strong>Meleagro:</strong></span> <span class='ocrx_word' id='word_1_348' title='bbox 467 4086 592 4139; x_wconf 78' lang='lat' dir='ltr'><strong>liemanct</strong></span> <span class='ocrx_word' id='word_1_349' title='bbox 598 4091 681 4156; x_wconf 65' lang='lat' dir='ltr'><strong>gloria</strong></span> <span class='ocrx_word' id='word_1_350' title='bbox 727 4106 789 4143; x_wconf 75' lang='lat' dir='ltr'><strong>aem</strong></span> <span class='ocrx_word' id='word_1_351' title='bbox 798 4090 943 4161; x_wconf 76' lang='lat' dir='ltr'><strong>potioribus</strong></span> <span class='ocrx_word' id='word_1_352' title='bbox 951 4102 977 4144; x_wconf 94' lang='lat' dir='ltr'><strong>et</strong></span> <span class='ocrx_word' id='word_1_353' title='bbox 980 4090 1085 4158; x_wconf 76' lang='lat' dir='ltr'><strong>sentina</strong></span> <span class='ocrx_word' id='word_1_354' title='bbox 1097 4089 1235 4159; x_wconf 67' lang='lat' dir='ltr'><strong>praeseren-</strong></span> <span class='ocrx_word' id='word_1_355' title='bbox 1333 4155 1339 4161; x_wconf 34' lang='lat'>·</span> 
     </span>
    </p>
   </div>
   <div class='ocr_carea' id='block_1_7' title="bbox 0 0 1384 4710">
    <p class='ocr_par' dir='ltr' id='par_1_11' title="bbox 0 0 1384 4710">
     <span class='ocr_line' id='line_1_42' title="bbox 0 0 1384 4710; baseline 0 2"><span class='ocrx_word' id='word_1_356' title='bbox 0 0 1384 4710; x_wconf 95' lang='lat' dir='ltr'><strong> </strong></span> 
     </span>
    </p>
   </div>
  </div>
 </body>
</html>
