2760 4710
293 324 815 397 METAMORPHOSEON
839 328 937 392 LIB.
962 326 1079 418 XIII.
1154 323 1223 418 407
1248 424 1250 430 Ι

151 474 278 548 Latona
299 469 468 570 quondam
484 469 604 571 stirpes
620 467 769 570 pariente
785 484 939 543 retentas.
1172 486 1223 542 635

151 589 243 661 Ture
260 585 337 658 dato
355 583 515 672 flammis,
533 583 678 685 vinoque
697 582 732 654 in
749 598 822 670 tura
837 580 997 683 proboso,

153 701 390 800 caesorumque
406 699 510 772 boum
525 696 619 771 fibris
638 696 679 770 de
696 724 786 770 more
805 695 974 785 crematis,

152 819 259 916 Regia
278 836 363 892 tecta
379 802 517 918 petuut;
536 815 703 918 positique
718 814 885 917 tapetibus
900 813 976 889 altis

153 941 297 1014 Munera
314 964 389 1011 cum
405 934 536 1037 liquido
556 934 690 1036 capiunt
709 931 853 1008 Cerealia
868 931 1011 1006 Baccho.

152 1054 240 1126 Turn
260 1051 336 1153 pius
352 1048 537 1125 Anchises:
555 1082 571 1113 «
593 1047 764 1123 OPboebi
780 1046 863 1122 lecte
882 1046 1054 1134 sacerdos,
1177 1065 1228 1134 oto

155 1197 177 1233 >s
198 1163 335 1239 Fallor?
355 1193 397 1238 an
410 1182 444 1238 et
457 1180 591 1250 natum,
611 1190 714 1265 quum
731 1163 875 1264 primum
887 1162 957 1237 buc
975 1159 1094 1235 moenia
1113 1156 1199 1248 vidi,

155 1312 177 1346 s>
196 1279 321 1380 Bisque
340 1277 422 1351 duas
436 1295 548 1366 natas,
566 1294 726 1377 quantum
740 1276 951 1364 reminiscor,
967 1272 1140 1350 habebas?
1154 1304 1173 1339 n

154 1397 245 1472 Huic
263 1397 371 1471 Anius
388 1395 493 1470 niveis
510 1393 709 1470 circumdata
725 1412 873 1495 tempora
890 1394 985 1468 vittis

155 1513 376 1601 Concutiens,
394 1529 429 1586 et
446 1513 549 1587 tristis
565 1512 610 1586 ait
627 1541 635 1584 ε
658 1544 675 1576 «
690 1508 927 1599 Non'salleris,
941 1508 1041 1584 beros

158 1662 178 1698 >s
189 1628 362 1737 'Maxime3
380 1646 534 1703 natorum
549 1625 661 1700 vidisti
679 1626 827 1728 quinque
844 1642 1031 1728 parentem3
1175 1642 1225 1710 645

159 1781 180 1815 s>
201 1746 312 1844 Quem
328 1773 436 1832 nunc,
457 1761 546 1818 tanta
563 1742 717 1818 homines
733 1771 843 1817 rerum
860 1740 1083 1817 inconstantia
1099 1741 1226 1814 versati

158 1893 179 1928 s
197 1861 294 1935 Paene
309 1859 400 1933 vides
418 1858 561 1931 orbum:
579 1856 659 1958 quid
678 1856 765 1931 enim
778 1857 861 1930 mihi
877 1855 966 1931 filius
984 1855 1105 1930 absens

160 2010 180 2044 s
198 1975 348 2052 Auxilii?
362 2004 460 2077 quem
478 1974 566 2048 dicta
580 2003 643 2048 suo
659 1973 700 2046 de
716 1973 849 2048 nomine
868 1972 965 2049 tellus

163 2126 183 2162 s
202 2094 336 2168 Andros
351 2093 470 2184 habet,
486 2122 549 2194 pro
562 2111 655 2195 patre
669 2091 845 2193 locumque
863 2110 898 2167 et
913 2119 1016 2188 regna
1031 2107 1207 2165 tenentem.

192 2292 344 2364 fflrlubm,
356 2305 413 2348 exta
422 2293 538 2364 :proprie
547 2303 668 2346 extorum
717 2291 809 2346 babuit
821 2290 903 2354 filias,
917 2289 1011 2360 quibus
1027 2287 1146 2358 bacchus
1161 2309 1228 2344 con-

159 2372 342 2425 estremitates
352 2400 385 2413 -·
397 2375 439 2426 De
452 2391 518 2425 more
529 2377 648 2425 cremaris
655 2387 666 2435 ,⁶
717 2369 811 2435 cessit,
829 2378 860 2422 ut
875 2366 1002 2438 quidquid
1021 2378 1160 2438 tangerent
1174 2406 1182 2432 ,
1199 2368 1228 2420 in

158 2455 331 2506 tresdenrore
341 2455 441 2515 litatis,
460 2450 519 2505 vide
534 2450 566 2504 ad
583 2451 667 2519 XIV,
716 2446 1071 2515 frumentumflelvinurn,
1087 2446 1228 2500 veloteum
1326 2488 1330 2497 .

160 2528 324 2600 rso-tregit
333 2529 664 2590 conderemur-posue
717 2536 944 2583 commutaretur:
955 2544 999 2581 eas
1009 2541 1093 2594 quum
1108 2525 1229 2596 Agame-

159 2605 346 2661 adcurrsbeutes
354 2629 360 2670 ;
369 2608 429 2660 vide
438 2607 470 2660 ad
479 2626 515 2660 vs.
523 2606 571 2674 543
581 2610 672 2675 :positi
716 2627 802 2665 muou
813 2608 839 2660 vi
849 2607 945 2662 ducere
955 2604 1032 2660 vellet
1042 2605 1070 2658 iu
1082 2603 1229 2674 expeditiu-

158 2683 392 2756 Heinsiusrecepit
404 2706 418 2739 e
429 2686 567 2741 Barberiu.
578 2696 605 2739 et
614 2704 669 2739 uno
717 2706 781 2741 uem
793 2686 958 2755 Troianam,
970 2692 1002 2749 ut
1013 2682 1156 2737 exercitum
1168 2681 1228 2752 ale-

159 2782 224 2831 suo,
237 2765 501 2835 propositis-Regii
509 2763 610 2818 codices
620 2763 670 2817 ba·
716 2776 796 2833 rent,
817 2762 912 2819 Bacchi
932 2758 1027 2817 auxilio
1046 2760 1074 2814 iu
1094 2759 1228 2816 columbas

159 2841 398 2912 bentposr'tr'sqnod
407 2854 509 2897 rectum
517 2853 569 2906 est;
579 2861 669 2911 quam·
716 2845 794 2900 fuisse
807 2861 946 2899 conversas
958 2840 1119 2895 fabulantur.
1130 2842 1179 2895 Ed.

159 2921 270 2976 sistier.
285 2924 412 2990 Gierryr'us
425 2921 496 2975 hunc
508 2920 594 2975 locum
607 2940 670 2975 cum
749 2923 913 2991 ballistis.
921 2958 927 2969 .
935 2924 1035 2985 millu,
1046 2919 1228 2975 candidavitta

159 3018 238 3053 versu
247 3001 295 3066 543
303 2999 416 3054 conferri
428 3001 534 3069 jubeat,
547 3019 603 3052 non
615 3017 670 3069 pos·
718 2999 820 3070 insigne
839 2997 1006 3053 sacerdotum
1023 3020 1030 3064 ;
1053 2996 1121 3068 apud
1136 2999 1230 3071 virgil.

161 3097 220 3133 sum
233 3090 321 3136 tamen
334 3086 418 3148 posin·
430 3080 472 3135 hic
486 3080 669 3149 interpretari,
718 3097 785 3133 vers.
796 3079 844 3143 81,
860 3077 946 3131 Anius
955 3080 1027 3130 vittis
1037 3087 1065 3131 et
1074 3095 1153 3130 sacra
1162 3076 1231 3130 rede:

161 3154 357 3212 adcumbentes.
369 3162 452 3213 Ed.-
458 3161 607 3226 Tapetr'bus,
623 3176 671 3209 ve-
718 3163 795 3212 πίω
804 3167 914 3226 tempora
924 3159 1003 3210 lauro.

120 3267 123 3271 ·
160 3235 241 3289 stibus
252 3236 388 3307 stragulis,
403 3235 503 3305 pulvini
514 3234 671 3289 lectulorum
751 3236 997 3305 testimonum
1007 3233 1232 3297 remmitemcu·

160 3314 256 3369 instrui
267 3314 598 3384 solebant.-Al!1's,'quia
610 3312 670 3384 pul·
720 3334 766 3382 ra,
785 3332 864 3386 spes,
883 3333 980 3384 pavor,
998 3331 1097 3366 uersare
1110 3303 1231 3364 homines

160 3393 216 3446 viui
229 3394 272 3448 alti
286 3395 341 3448 :sic
352 3393 433 3447 etiam
445 3391 588 3463 Virgilius,
608 3389 671 3446 AEn.
720 3393 855 3460 dicuntur,
865 3411 1026 3463 quamquam
1035 3387 1124 3444 multis
1132 3387 1194 3441 iocis
1202 3387 1233 3440 ti-

160 3471 286 3537 1x‚sas.
663 3476 666 3481 '
720 3461 1231 3532 brariicisubstituerunthare,quod

171 3550 173 3555 ’
193 3551 251 3618 640.
268 3554 331 3604 Tum
340 3555 399 3616 pius
408 3552 591 3605 Arcbr'sesete.
605 3547 671 3603 Ser·
720 3550 810 3605 notius
821 3561 873 3615 est,
887 3561 965 3620 atque
973 3543 1185 3617 interpretationi
1193 3542 1232 3596 ai-

161 3631 219 3683 vius
231 3629 263 3683 ad
277 3629 341 3683 AEn.
355 3630 413 3696 ΙΙΙ,
428 3631 459 3684 82
472 3648 501 3683 t«
515 3628 558 3683 Ad
571 3627 673 3682 Anium
721 3625 802 3681 terius
815 3627 923 3682 inservit
936 3646 942 3680 ι
955 3623 1015 3677 vide
1031 3620 1182 3676 Bentleium
1199 3619 1232 3674 ad

163 3728 178 3754 s
191 3705 320 3761 Anchises
342 3719 403 3762 ante
427 3707 554 3762 Troicum
573 3704 672 3758 bellum
721 3705 816 3760 Horat
832 3706 882 3776 Ep.
897 3706 943 3770 ΙΙ,
957 3719 997 3769 11,
1012 3704 1053 3773 9⁶.
1073 3696 1163 3753 Etiam
1176 3697 1201 3754 b.
1214 3701 1230 3756 Ι.

165 3807 180 3834 n
193 3785 343 3839 consultum
362 3796 486 3852 venerat,
507 3804 540 3838 an
556 3783 673 3838 Salami-
721 3782 876 3838 nantuensis
887 3782 941 3837 MS
950 3787 1034 3834 vexat.

165 3888 179 3914 n
192 3884 254 3918 nam
265 3876 365 3937 peteret
371 3864 595 3919 comesPriamo.»
601 3854 673 3915 Hin'e
754 3860 951 3933 649Pmpatre,
960 3856 1052 3910 relicto
1059 3865 1143 3926 patre,
1149 3859 1231 3910 locum

164 3946 251 4001 Anius
263 3945 345 3999 etiam
363 3945 432 4014 apud
447 3944 520 4016 Virg.
531 3942 558 3995 d.
575 3942 591 3996 Ι.
605 3953 675 3996 mte-
720 3945 749 3995 et
757 3957 847 4007 rem,
864 3938 930 4004 loci,
943 3934 1034 3990 insutu
1044 3933 1233 4005 itliusregnum

165 4044 216 4079 rem
229 4024 361 4078 Anchisen
379 4026 498 4092 affnoscr't
515 4013 675 4076 amr'cuaerss-
722 4016 843 4083 unctam
856 4020 916 4084 VI,
929 4016 977 4087 677
987 4055 994 4083 ,
1006 4016 1108 4085 Sceptra
1115 4019 1178 4082 toci,
1194 4036 1233 4070 rc·

164 4103 261 4173 Bisque
277 4107 343 4158 duas
357 4114 452 4171 ratas,
466 4101 551 4158 Anius
562 4107 675 4171 quatuor
721 4113 824 4168 nmque
832 4093 1100 4152 moderamen-stoc
1111 4092 1169 4152 loco
1181 4115 1234 4150 nu·
