2760 4710
151 337 220 423 454
421 338 460 402 Ρ.
493 335 679 404 ov1n11
713 334 945 406 uasoms

153 483 270 581 Osque
285 506 394 553 meum
411 478 499 552 sensi
515 476 629 578 pando
644 475 860 552 occallescere
877 498 1016 570 rostro;

153 593 249 669 Colla
265 612 390 669 tumere
407 593 492 668 toris
506 623 514 667 ε
529 610 563 668 et
581 623 646 695 qua
662 595 765 669 modo
782 596 906 697 pocula
922 617 1018 701 parte

67 723 71 732 '
152 713 270 789 sumu
284 709 366 784 mihi
384 712 534 798 fuerant,
553 708 610 783 illa
626 711 764 807 vestigia
781 712 867 786 feci:

153 827 305 928 Cumque
323 826 436 900 eadem
452 827 575 927 passis,
594 843 722 900 tanturn
736 828 950 903 medicamina
966 832 1133 929 possunt!
1185 850 1233 905 stt

153 939 302 1027 Claudor
318 940 397 1015 hara
414 971 421 1013 :
437 939 615 1041 solumque
631 940 700 1015 suis
716 941 860 1016 carnisse
876 942 982 1038 figura

152 1055 308 1130 Vidimus
327 1055 569 1158 Eurylochum
588 1055 684 1131 solus
701 1057 776 1133 data
793 1057 914 1159 poeula
932 1058 1032 1155 fugit.

155 1174 240 1269 Quae
255 1172 320 1245 nisi
338 1172 492 1260 vitasset,
509 1173 641 1274 pecoris
658 1201 735 1275 pars
755 1202 821 1249 nna
837 1201 1004 1249 manerem

154 1289 252 1361 Nunc
270 1316 404 1388 quoque
423 1287 556 1383 setigeri
571 1318 579 1362 :
592 1315 654 1362 nec
670 1305 768 1364 mutar
786 1287 890 1364 cladis
908 1289 950 1362 ab
965 1285 1029 1361 illo

155 1401 287 1476 Certior
304 1401 346 1474 ad
363 1402 482 1478 Circen
499 1402 591 1478 ultor
607 1404 752 1479 venisset
768 1403 892 1478 Ulixes.
1186 1440 1236 1496 ²9⁶

154 1520 284 1594 Pacifer
298 1520 377 1594 huic
395 1522 529 1597 dederat
543 1521 659 1596 florem
677 1519 848 1622 Cyllenius
863 1517 976 1593 album
989 1547 1001 1607 ;

156 1635 252 1738 Moly
269 1654 389 1711 vocant
405 1639 542 1738 Superi3
560 1638 654 1732 nigra
670 1636 781 1711 radice
799 1652 940 1709 tenetur.

156 1752 265 1825 Tutus
282 1780 341 1840 eo,
356 1753 559 1853 monitisque
574 1752 675 1827 simul
692 1751 877 1827 celestibus
892 1752 997 1827 intrat

157 1929 203 1979 ιι,
220 1916 266 1968 23:
280 1937 293 1960 «
304 1913 394 1967 Circes
405 1916 497 1984 pocula
505 1915 587 1969 nosti:
597 1915 668 1984 Qua
715 1914 829 1986 quiante
842 1915 912 1970 lorea
921 1927 1075 1983 manserat,
1095 1914 1130 1970 ad
1140 1936 1233 1970 narem

158 2015 172 2040 n
185 1995 205 2046 si
225 2013 286 2046 curn
300 1993 374 2048 sociis
393 1995 487 2049 stultus
502 1994 664 2064 cupidusque
715 1996 846 2062 cucurrit,
856 1994 1047 2067 atqueUlysei,
1058 1995 1235 2065 qnidlactnn

158 2074 309 2140 ebibisset,
329 2074 386 2128 Sub
403 2074 512 2128 domina
528 2075 668 2129 meretrice
715 2074 749 2128 sit
758 2075 890 2143 esposuit3
901 2076 1015 2129 Homer.
1028 2079 1089 2143 244.
1098 2080 1234 2130 -Pmta

159 2150 277 2219 »tuimet
296 2153 378 2222 turpis
394 2163 422 2206 et
437 2172 542 2215 excom
556 2153 670 2208 Vixisset
708 2154 798 2222 serim
819 2154 946 2207 Heinsius
961 2155 1073 2222 conjicit
1086 2160 1186 2223 potale
1196 2162 1235 2209 υί-

158 2250 172 2275 ¹·
187 2230 258 2283 canis
270 2230 440 2298 immundus,
460 2231 501 2285 vel
514 2230 598 2287 amica
611 2232 668 2286 luto
714 2241 768 2293 lat,
786 2232 846 2300 quia
856 2231 976 2300 sequitur
988 2233 1236 2286 uitasset-laee-

157 2331 171 2357 o
183 2311 669 2368 sus.e-OccalleseereNonnuilidant
715 2330 767 2364 ren
778 2330 826 2380 pro
840 2318 976 2363 mererere
989 2310 1151 2378 conjectura
1163 2309 1235 2365 Gru-

157 2391 304 2451 callescere,
317 2389 358 2442 rel
370 2393 527 2452 coalesceret
541 2394 671 2445 callricere
715 2391 765 2444 teri
778 2390 876 2459 recepit
888 2390 1072 2443 Burmannus.

158 2468 260 2522 Nonius
284 2488 316 2521 ex
333 2468 434 2523 Catone
446 2471 564 2532 notavit3
577 2475 669 2524 cellere
749 2487 804 2539 aqi.
814 2466 920 2534 Pacifer
929 2469 988 2520 bar'c
998 2470 1112 2521 dedere!
1120 2479 1170 2523 etc.
1178 2468 1233 2521 Ve-

158 2545 288 2615 Sulpicins
300 2546 357 2602 Cic.
370 2547 412 2602 lV
426 2547 459 2600 ad
472 2547 522 2600 dir.
538 2552 570 2610 ὅς
585 2547 670 2601 Seve—
715 2544 798 2598 nienti
819 2545 906 2616 Ulyssi
929 2544 1043 2598 occurrit
1063 2544 1232 2612 Mercurius,

157 2644 202 2677 rus
222 2624 250 2680 in
270 2626 370 2691 AEtaa,
388 2630 554 2679 callentem
569 2645 668 2679 naeus.
716 2626 880 2699 χρυσέρρακις,
890 2634 968 2692 atque
980 2633 1036 2675 tarn
1047 2623 1234 2678 medicamen-

158 2701 224 2754 llrec
236 2702 370 2756 Heinsius.
382 2731 415 2742 -
429 2700 506 2771 Regii
524 2702 603 2755 ambo
616 2722 668 2756 eo-
715 2710 792 2766 tum,
812 2703 928 2772 ,rippam
942 2738 949 2765 ,
970 2700 993 2752 ei
1014 2701 1138 2769 prebet,
1154 2719 1232 2771 quarn

157 2777 226 2832 dines
246 2784 463 2835 occallescere.-
486 2782 668 2850 Vestiqrirficr'.
715 2777 817 2832 consilis
831 2777 1034 2840 euminstruit;
1054 2779 1173 2832 Homer.
1186 2798 1231 2848 ²77

158 2857 252 2910 Heius.
264 2859 338 2912 malit
349 2863 523 2930 wstrlrr'afigr‘.
537 2860 577 2913 vel
582 2860 663 2927 sem',
713 2860 901 2926 sqq-Idume
908 2860 1001 2909 albam.
1013 2855 1092 2910 ldem
1103 2859 1167 2925 304,
1177 2863 1230 2935 ῥιζῇ

157 2945 212 2988 uta
223 2937 401 3002 superioribus
412 2939 468 2994 bec
481 2938 666 3010 dependeant;
714 2943 757 3005 μὶν
769 2941 840 3006 ,sites
851 2943 900 2992 issi
908 2977 916 3004 ,
932 2938 1029 3005 γάλακτι
1048 2942 1074 2990 tt
1093 2946 1178 2991 instes
1192 2941 1233 2990 ἰν-

157 3011 288 3080 improbat
308 3014 497 3084 Burmannus,
514 3029 541 3071 et
558 3017 667 3087 quidem
715 3025 835 3077 testinis
846 3023 869 3072 n·
878 3042 920 3085 μιν
932 3021 1037 3072 estiensi
1049 3027 1104 3073 tut.
1113 3018 1230 3084 Plinius,

156 3088 358 3156 sestr'ffiasacere
369 3111 418 3160 pro
430 3093 570 3160 incedere,
588 3095 667 3148 dixe-
715 3096 804 3160 XXV,
817 3098 832 3161 4
843 3115 849 3148 :
862 3116 875 3141 ι(
886 3094 1076 3148 Laudarintma
1085 3095 1231 3149 herbarum

156 3178 221 3221 runt
239 3167 318 3220 etiam
342 3166 439 3222 Cicero
459 3163 488 3224 et
506 3171 666 3240 Quintilian.
716 3182 781 3225 »est
793 3173 914 3226 Homero
925 3182 1007 3238 reste,
1020 3192 1104 3242 quam
1118 3175 1232 3228 vocaris

158 3254 309 3318 Qnapade,
322 3248 496 3316 romanibus,
510 3250 603 3319 quibus
612 3269 667 3319 po-
715 3271 729 3296 »
743 3247 800 3302 Diis
811 3261 886 3319 putat
898 3250 989 3322 Moly,
1003 3260 1031 3303 et
1042 3250 1231 3304 inventionem

156 3328 214 3382 cula
224 3327 383 3396 arripueram
393 3366 400 3393 ,
411 3328 517 3382 mutatis
528 3329 556 3381 in
569 3328 665 3398 pedes,
715 3348 729 3373 ν
742 3327 801 3395 ejus
809 3327 945 3381 Mercurio
951 3328 1073 3397 assignat,
1083 3341 1232 3398 contraque

157 3407 279 3462 incedere
294 3407 367 3475 coepi.
715 3428 729 3454 s
742 3427 845 3460 summa
855 3407 980 3462 venalicia
988 3407 1162 3463 demonstrat
1169 3410 1232 3462 Nas-

189 3486 244 3539 285.
256 3487 452 3548 Claedorhw
468 3485 546 3555 vulgo
555 3487 668 3539 Haedor
715 3508 729 3533 ι
742 3488 830 3539 rieam
841 3487 919 3540 bodie
927 3488 995 3540 circa
1004 3486 1158 3551 Pheneum,
1168 3499 1195 3541 et
1205 3489 1230 3540 in

154 3566 183 3625 ,ἐι
194 3575 283 3627 antra
300 3570 355 3617 sais
370 3565 451 3616 solere
463 3573 510 3617 etc
522 3592 556 3605 -·
568 3563 666 3634 Regina
715 3585 729 3610 υ
743 3562 855 3636 Cyllene
868 3564 987 3618 Arcadiis
1001 3565 1129 3632 tradunt,
1145 3567 1230 3636 specie

156 3640 237 3695 codes
247 3643 386 3712 Aquidem
398 3642 477 3697 babet
489 3642 557 3697 banc
568 3644 665 3713 vulga·
714 3663 729 3688 »
742 3641 784 3695 illa
792 3642 951 3708 Homerica,
965 3642 1051 3696 radice
1060 3645 1231 3699 rotundani-

157 3726 211 3770 tam
224 3720 382 3787 lectionem,
399 3719 444 3775 sed
459 3721 527 3776 bene
544 3741 575 3775 es
594 3722 667 3776 mul·
714 3739 729 3765 ι·
741 3737 857 3788 graque,
868 3719 1051 3788 magnitudine
1059 3740 1138 3790 cepae
1147 3762 1154 3786 ,
1164 3721 1228 3775 iulio

156 3792 188 3845 tis
196 3795 323 3852 Heinsius
330 3799 411 3853 voluit
420 3799 496 3854 scribi
507 3802 583 3863 hera,
593 3799 664 3871 quod
714 3818 729 3844 »
740 3797 832 3861 scdle,
846 3798 930 3852 allodi
946 3809 1035 3853 autem
1048 3800 1200 3857 difficulter.
1213 3823 1228 3850 e

155 3867 250 3936 legitur
262 3876 289 3928 in
306 3877 392 3948 Regio
404 3878 443 3941 B;
462 3888 538 3931 antra
549 3879 622 3932 enirn
633 3898 665 3933 ex
713 3876 824 3942 Putant,
836 3881 997 3950 Nymphaeus
1008 3883 1094 3932 albens
1103 3881 1226 3951 intelligi,

156 3945 237 4016 glossa
245 3970 252 4012 ς
260 3953 420 4010 tamensem
428 3957 602 4027 proprissunt
610 3964 666 4012 snt'-
712 3956 755 4010 eui
764 3958 864 4011 Plinius
874 3998 881 4024 ,
893 3959 936 4012 lib.
948 3959 1077 4030 xxv‚37
1086 3981 1106 4014 s.
1116 3962 1149 4014 ab
1158 4001 1165 4028 ,
1173 3962 1226 4015 mm

154 4024 448 4101 dessnndeHeroidJ,
462 4039 665 4103 πομπεψ
712 4037 933 4109 refrigeratricem
956 4041 1056 4094 tribuit.
1072 4069 1105 4083 -
1130 4045 1229 4097 Vocas!

152 4103 304 4170 eerafidelis
316 4106 391 4159 hm.
402 4109 658 4186 Ed-Beryioches,
712 4115 819 4185 Sepen',·
832 4117 892 4172 ride
905 4118 937 4172 ad
952 4119 1008 4188 Xl,
1022 4121 1081 4188 640.
1088 4148 1121 4162 -
1129 4124 1228 4178 Redire
