2760 4710
196 366 238 430 :to
479 362 518 429 r.
544 362 724 432 0v1n11
747 361 969 434 utsonrs

194 539 210 570 u
228 504 374 591 Discite,
392 502 541 577 femineis
559 503 640 603 quid
658 501 721 576 tela
738 502 843 577 virilia
859 522 1033 605 praestent,

194 661 209 691 n
231 628 263 700 0
279 627 431 724 juvenes,
452 623 610 725 operique
627 652 701 698 meo
717 626 904 714 concedite,
923 626 1015 701 dixit.

197 776 213 807 n
233 744 311 842 Ipsa
329 741 399 814 suis
414 740 492 814 licet
507 741 596 813 huuc
611 740 751 814 Latonia
767 758 920 840 protegat
935 745 1053 832 armis;

196 890 213 922 n
234 859 333 930 Hunc
351 872 460 928 tamen
477 853 578 926 invita
595 855 733 953 perimet
749 882 820 927 mea
838 855 950 930 dextra
965 858 1081 932 Diana.
1101 893 1118 924 »
1203 882 1252 953 395

191 971 285 1044 Talia
301 968 516 1069 magniloquo
535 968 680 1043 tumidus
696 989 928 1043 memoraverat
944 1001 1019 1061 ore3

194 1087 448 1187 Ancipitemque
462 1114 560 1159 mauu
579 1083 698 1159 tollens
714 1101 853 1184 unaque
871 1087 1029 1174 securim,

193 1204 361 1280 Institerat
376 1202 511 1298 digitis,
529 1200 654 1301 primos
671 1227 850 1299 suspensus
865 1201 900 1271 in
917 1219 1017 1275 artus.

195 1322 345 1420 Occupat
361 1317 533 1400 audacem,
551 1343 681 1414 quaque
696 1330 746 1387 est
762 1314 813 1387 via
829 1314 977 1414 proxima
994 1314 1081 1403 leto,

194 1436 328 1510 Summa
342 1434 432 1508 ferus
448 1431 597 1526 geminos
612 1428 730 1501 direxit
746 1429 781 1502 iu
798 1430 933 1525 inguina
950 1432 1073 1507 dentes.
1203 1456 1253 1524 400

195 1550 351 1625 Concidit
364 1549 503 1621 Ancaeus
518 1575 526 1617 ι
541 1544 783 1644 glomerataque
800 1547 958 1642 sanguine
974 1548 1079 1622 multo

194 1669 326 1742 Viscera
343 1662 434 1762 lapsa
448 1660 575 1746 lluunt,
592 1658 836 1760 madefactaque
856 1679 940 1736 terra
955 1692 1069 1740 cruore
1085 1682 1142 1739 est.

193 1780 268 1856 Ibat
282 1781 317 1852 in
332 1777 521 1861 adversum,
539 1771 649 1874 proles
666 1773 811 1862 Ixionis,
832 1776 960 1853 hostem

194 1980 239 2034 des
251 1997 282 2031 ex
292 1972 477 2028 emendatione
493 1970 632 2026 Schraderi
641 1999 700 2060 „w
747 1985 818 2029 artus
829 1995 883 2031 esse
895 1977 991 2046 primas
1005 1977 1137 2045 juncturas
1150 1978 1250 2050 digito-

174 2062 271 2114 'liuus
287 2059 310 2107 di
324 2058 432 2118 δίστομον
448 2053 516 2103 rou»
527 2049 550 2118 γ’
562 2051 637 2104 ieuil‘
645 2065 702 2120 Ay·
747 2071 808 2105 rum
819 2053 845 2104 in
859 2051 982 2121 pedihus3
997 2051 1047 2106 hoc
1059 2055 1130 2106 enim
1141 2056 1249 2109 nomine

193 2145 262 2193 satae
276 2130 364 2184 Etiam
371 2129 399 2182 iu
410 2139 587 2182 monumento
595 2129 702 2199 Tegeat.
747 2130 884 2200 significari
892 2151 938 2198 ea,
951 2132 1043 2200 quihus
1050 2134 1168 2187 membra
1175 2155 1251 2189 com·

192 2226 326 2280 expressus
340 2215 396 2260 erat
408 2224 471 2258 cum
484 2210 585 2272 bipenni
591 2206 702 2259 demissa
747 2209 903 2262 mittantur:
915 2230 1007 2264 verum
1017 2213 1144 2281 juncturis
1156 2214 1204 2269 illis
1212 2234 1251 2268 so·

193 2291 248 2359 jam
264 2283 365 2340 saucius
379 2304 386 2337 ι
398 2303 461 2337 eum
474 2284 505 2336 ab
520 2303 583 2353 apro
595 2303 702 2353 percus·
747 2286 777 2339 lis
784 2304 838 2338 nou
847 2287 988 2342 insistimus
998 2310 1004 2344 :
1013 2291 1251 2346 omninoenremae

193 2383 252 2419 sum
264 2382 335 2429 esse,
350 2361 516 2432 Pherecydes
524 2379 628 2429 quoque
638 2379 703 2413 nar·
747 2362 889 2432 digitorum
901 2378 986 2434 partes
998 2368 1193 2438 intelliguntur;
1206 2370 1251 2439 qui

194 2455 316 2508 raverat;
335 2442 489 2497 scholiastes
505 2441 651 2511 Apollonii,
671 2441 700 2506 1,
746 2441 783 2493 ita
804 2451 872 2507 stat,
890 2462 1024 2511 suspensus
1041 2446 1142 2500 dicitur.
1168 2448 1251 2502 Aliter

198 2529 263 2591 1883
284 2521 456 2593 Apollodorus
480 2519 552 2572 addit
576 2518 702 2590 Hyleum.
748 2517 992 2594 AEueid.1X,749,
1005 2528 1252 2580 sublatumaltecaa·

196 2608 250 2662 Hic
259 2607 330 2660 locus
340 2603 512 2674 proponitur,
522 2611 551 2653 ut
562 2600 702 2669 impietatis
748 2604 864 2666 surgitur
878 2621 969 2655 ensem.
979 2630 1014 2643 -
1024 2603 1208 2672 Burmannus,
1220 2606 1252 2659 ad

197 2678 701 2752 etarrogantiaridiculumexemplum,
750 2676 808 2729 Art.
827 2677 946 2732 Amator.
968 2680 1002 2747 1,
1025 2681 1092 2747 508,
1113 2682 1252 2737 discrimen

196 2766 229 2820 ad
242 2762 313 2834 quod
325 2758 495 2831 spectandum
508 2759 590 2811 lector
607 2759 661 2825 jam
673 2757 701 2809 in
749 2754 889 2821 observat,
907 2755 977 2825 quod
991 2768 1029 2809 est
1047 2759 1116 2811 inter
1132 2762 1252 2812 audacem

196 2841 323 2914 principio
339 2856 402 2890 voce
421 2837 489 2888 Ecce
508 2834 659 2887 advertitur.
670 2859 703 2871 -
749 2837 920 2888 claudentem.
934 2835 1031 2888 Audaa
1039 2846 1077 2888 est
1086 2838 1253 2904 temerarius,

193 2923 360 2973 stainam
370 2913 487 2980 suasata
495 2912 539 2981 qui
553 2912 701 2965 temeritate
749 2911 831 2979 qualis
842 2912 891 2965 suit
902 2914 1029 2978 Aucnus,
1040 2932 1115 2965 versu
1125 2916 1172 2982 407
1188 2934 1194 2966 ε
1207 2918 1252 2967 sed

196 3016 243 3051 sua
254 3005 314 3048 ante
333 2992 404 3045 diem
422 3002 536 3044 mortem
553 2989 659 3058 oppetit.
670 3015 703 3028 -·
749 2992 857 3051 audens,
871 2991 961 3055 sortis,
974 2989 1120 3053 animosus,
1132 3003 1252 3047 constans

200 3076 281 3142 Ouid,
296 3081 424 3141 quamum
434 3108 441 3134 ,
453 3087 507 3120 nou
519 3067 579 3121 satis
592 3066 702 3119 latinum
750 3068 794 3135 qui
807 3067 937 3137 intrepido
948 3067 1037 3137 anigno
1048 3067 1138 3120 omnia
1154 3068 1253 3140 adgre-

196 3151 294 3222 judicat
302 3148 427 3202 Heinsius
437 3147 482 3215 qui
491 3146 647 3198 malletcum
658 3145 703 3197 tri-
750 3142 821 3198 ditur
829 3145 908 3198 :male
915 3144 1002 3213 igitur,
1009 3145 1107 3212 quihoc
1113 3146 1169 3200 loco
1177 3149 1253 3220 vulgo

198 3234 247 3286 hus
256 3227 338 3297 MSS.
345 3246 427 3294 quam.
440 3225 514 3294 ttegtt
526 3224 623 3288 nostri,
636 3225 704 3292 quil.
749 3225 925 3274 audentem·
933 3223 1058 3287 Occupat,
1069 3223 1140 3293 prior
1147 3226 1252 3284 invadit.

174 3307 373 3360 ⁸-Coacedr'te
385 3321 432 3372 pro
443 3301 551 3370 simplici
565 3304 652 3354 cedite.
749 3302 848 3364 -Qua
857 3303 1093 3363 viaprauinaleta:
1106 3302 1251 3374 AEn.xt1‚
1348 3339 1354 3351 .

231 3385 287 3455 397.
299 3383 429 3434 Secun'set
438 3383 551 3446 tineam
558 3378 703 3448 promiscue
752 3381 817 3444 507,
838 3396 888 3444 qua
901 3377 965 3444 lata
987 3383 1132 3444 celemina,
1156 3403 1251 3453 nempe

200 3472 335 3535 ponuntur
347 3480 362 3511 a
374 3458 469 3528 poetis,
483 3476 564 3526 quum
576 3458 702 3527 praecipue
751 3456 811 3524 quia
820 3455 934 3508 anterior
941 3454 1253 3529 abdominisparsossibus

120 3600 125 3611 ,
199 3535 572 3608 hujusususessetiubellis‚
595 3535 703 3587 illiusiu
750 3533 990 3590 defendituruullis
1000 3537 1088 3591 Etiam
1097 3539 1251 3606 Pausanias,

193 3618 317 3673 oreimis.
328 3614 395 3667 Vide
406 3612 537 3665 Drakenh.
548 3612 580 3663 ad
591 3611 702 3677 Silium,
750 3632 776 3682 p.
789 3613 854 3680 606,
868 3612 900 3666 de
914 3615 1011 3669 Aucto
1023 3657 1031 3683 ,
1050 3616 1154 3669 risitaret
1164 3621 1204 3670 dei
1216 3623 1256 3672 eii

199 3711 266 3760 xvr,
285 3696 339 3762 264,
354 3720 386 3731 -
402 3693 702 3756 Institeratd1gitts,ete
751 3696 794 3751 die.
807 3691 906 3744 Femur
917 3694 973 3760 ejus
985 3692 1106 3746 haustum
1120 3713 1174 3747 esse
1186 3694 1254 3748 dixe·

154 3762 158 3771 .
201 3772 326 3827 Heinsius
337 3770 399 3824 olim
409 3768 511 3820 volebat
521 3769 703 3833 Institeratpri·
752 3781 792 3823 rat
808 3769 971 3825 pherecides.
989 3770 1077 3823 Verba
1089 3773 1253 3840 madefacta-

201 3855 250 3905 nr‘s
260 3853 361 3915 degitis,
375 3864 508 3914 suspensus
518 3851 544 3896 ia
553 3855 638 3903 artus.
652 3843 705 3896 im·
751 3867 797 3915 que
808 3858 856 3901 etc.
867 3849 959 3902 melius
970 3848 1104 3911 abessem
1118 3849 1167 3903 hoc
1181 3850 1253 3902 enim

251 3927 329 3980 haute
344 3928 507 3980 Burmauno.
524 3923 612 3977 Nostri
629 3922 703 3994 Regii
751 3925 1253 3996 sponteintelligiturGiarsgerrat,narn

202 3946 316 4067 hilberti,
331 4022 387 4068 qun
401 4003 459 4055 data
478 4011 535 4066 est,
558 4000 704 4054 lectionum.
751 4005 771 4058 si
786 4011 889 4071 saumis
901 4007 1077 4070 multusllait,
1095 4021 1197 4055 necesse
1214 4014 1254 4058 est

200 4084 279 4143 idem
297 4083 464 4142 Burmannus
484 4091 593 4145 mouet,
609 4086 705 4149 patrios
753 4093 850 4137 terram
861 4083 909 4136 hoc
920 4083 974 4151 ipso
986 4080 1128 4136 madefieri.
1139 4082 1188 4133 Ed.
