2760 4710
292 363 823 432 METAMORPHOSEON
846 366 947 432 LIB.
976 367 1091 434 XIV.
1162 365 1228 452 453

155 505 253 604 Ipsa,
273 501 365 602 quod
382 502 434 575 hae
450 500 594 592 faciunt,
616 531 703 604 opus
717 503 839 600 exigit:
856 504 930 604 ipsa
947 505 1027 605 quis
1044 531 1126 580 usus

154 619 301 717 Quoque
320 617 364 692 sit
378 616 415 689 in
430 615 531 704 lolio,
550 647 622 719 quae
638 619 683 692 sit
697 620 873 693 concordia
888 620 1020 710 mixtis,

155 735 276 821 Novit,
296 752 328 807 et
345 734 651 835 advertenspensas
668 737 832 809 examinat
847 735 978 811 herhas.
1177 774 1228 832 270

154 853 233 926 llaec
246 849 306 925 uhi
324 879 388 925 nos
403 851 506 938 vidit,
525 850 612 925 dieta
628 869 826 952 acceptaque
842 849 966 937 salute,

153 967 302 1042 Diffudit
317 966 448 1053 vultus,
467 984 500 1039 et
515 965 660 1040 reddidit
676 966 788 1040 omnia
805 966 901 1040 votis.

153 1086 223 1157 Nec
241 1110 333 1155 mora
345 1110 352 1169 ;
366 1081 499 1155 misceri
514 1081 595 1154 tosti
609 1081 705 1179 jubet
721 1080 845 1156 hordea
861 1082 970 1178 grani,

153 1198 340 1298 Mellaque,
357 1197 491 1297 vimque
508 1196 607 1283 meri,
627 1214 660 1270 et
677 1226 753 1270 cum
771 1195 854 1272 lacte
871 1197 1009 1294 coagula
1026 1225 1146 1300 passo,

156 1313 293 1413 Quique
307 1313 371 1386 suh
388 1311 451 1385 hac
467 1311 589 1386 lateant
604 1311 718 1386 furtim
734 1311 925 1401 dulcedine,
940 1343 1059 1392 succos
1081 1326 1086 1336 “
1179 1333 1230 1405 ²2⁵

154 1429 302 1528 Adjicit:
321 1429 504 1528 accipimus
518 1456 609 1501 saera
628 1428 702 1503 data
720 1429 842 1531 pocula
860 1432 982 1506 dextra.

155 1547 241 1642 Quae
258 1543 357 1620 simul
374 1543 479 1617 arenti
497 1542 646 1617 sitientes
662 1544 833 1620 hausimus
849 1575 923 1636 ore,

154 1664 201 1737 Et
218 1662 330 1758 tetigit
347 1686 497 1734 summos
511 1659 602 1755 virga
615 1661 686 1734 Dea
704 1661 776 1736 dira
791 1663 949 1764 capillos;

156 1781 226 1874 (Ec
243 1777 347 1880 pudet
364 1794 397 1849 et
412 1774 576 1869 reseram)
592 1775 672 1849 setis
686 1775 872 1853 horrescere
890 1780 994 1881 coepi,

155 1895 225 1966 Nec
241 1892 305 1992 jarn
323 1919 422 1992 posse
440 1888 556 1991 loqui;
574 1919 637 1991 pro
653 1891 763 1964 verbis
779 1895 873 1967 cdere
890 1924 1027 1969 raucum
1178 1916 1228 1969 280

156 2009 332 2097 Murmur,
349 2007 433 2081 etin
453 2024 570 2079 terram
589 2023 661 2078 toto
680 2008 896 2108 procumbere
914 2010 1029 2085 vultu:

157 2178 292 2239 reponunt
308 2169 337 2223 in
354 2170 467 2224 calathis.
478 2199 512 2212 -
528 2173 669 2240 Variusque
715 2190 763 2240 pro
773 2170 1232 2240 granahordeiauthordeacess'oe·

158 2250 284 2301 colendus
300 2250 398 2303 herbas.
418 2247 506 2318 Vulgo
523 2254 667 2317 variisquec
714 2259 763 2306 mi
774 2263 862 2306 autem
875 2251 994 2306 solebant
1010 2253 1073 2305 olim
1088 2271 1187 2322 grana,
1202 2262 1232 2307 ut

157 2324 668 2394 Schepperosconjicitvarientqueflo·
714 2327 815 2382 facilins
836 2329 906 2381 mola
925 2328 1123 2398 frangerentur.
1136 2358 1169 2370 -
1186 2332 1234 2382 Vis

156 2402 226 2457 dices
240 2402 314 2472 Regii
326 2401 425 2456 hahent
437 2409 569 2472 vanisque.
716 2412 792 2468 meri,
815 2423 927 2460 merum.
940 2433 973 2446 -
988 2408 1122 2472 Congum
1143 2406 1232 2472 Xlll,

190 2480 246 2532 268.
260 2481 322 2546 Ipse
331 2483 401 2549 qood
408 2478 562 2545 desererent.
575 2478 668 2533 Thus·
717 2485 917 2547 83o-letere,
931 2503 986 2537 non
998 2483 1095 2552 percipi
1105 2493 1230 2553 gustu.-

156 2579 223 2613 neus
234 2568 262 2613 et
274 2560 340 2613 alter
354 2559 500 2613 Twisdenii
508 2559 622 2628 sacr'aal.
635 2587 669 2600 -
716 2565 810 2616 Succos
826 2563 938 2630 odjr'cr'15
952 2562 1105 2625 Homerus,
1125 2562 1233 2630 ἆνίμισγι

159 2640 231 2707 Opus
242 2643 334 2706 exigis,
349 2639 394 2707 qui
405 2657 497 2691 curam
513 2638 598 2707 operis
614 2637 666 2691 ha·
718 2645 746 2694 rt
762 2649 820 2712 step
835 2643 945 2715 daippus
963 2640 1039 2712 λυγρά.
1058 2665 1090 2680 ·-·
1109 2638 1161 2691 Pso
1180 2656 1233 2690 ac-

155 2715 219 2782 het,
236 2715 316 2784 idque
335 2726 363 2769 et
379 2715 454 2783 juhet
472 2724 498 2768 et
514 2715 670 2777 examinate
716 2722 822 2784 clusinus
842 2717 966 2770 Heinsius
986 2715 1060 2768 malit
1075 2719 1225 2781 arripimus,

157 2793 323 2849 Schwarxius
335 2795 368 2848 ad
382 2796 450 2849 Plin.
464 2815 556 2866 paneg.
570 2811 633 2861 xm,
643 2795 667 2850 3.
717 2794 795 2865 quod·
813 2794 962 2848 ariditatem
983 2793 1129 2847 sitientium
1148 2792 1232 2862 magis

157 2875 302 2938 -Pensas,
314 2875 483 2945 ponderatas,
497 2895 585 2945 neque
595 2876 674 2928 enim.
718 2872 848 2941 exprimit.

158 2951 313 3020 pharmaca,
326 2953 375 3007 nisi
387 2953 582 3022 ponderentur,
596 2964 669 3007 recte
751 2974 807 3022 ²77·
820 2953 920 3015 Areos,
934 2953 1016 3006 siccus
1025 2971 1056 3005 ex
1065 2951 1114 3005 siti.
1128 2950 1172 3005 Sic
1183 2956 1234 3004 arr'·

158 3032 281 3101 componi
294 3042 410 3100 possunt.
422 3033 472 3084 Ed.
716 3032 765 3083 dns
778 3034 862 3082 or'ator
873 3029 941 3098 apud
955 3028 1049 3100 Virgil.
1063 3029 1160 3098 Georg.
1173 3029 1228 3094 lV,

194 3129 249 3179 ²7²·
266 3108 399 3175 Drssndi13
413 3107 472 3161 vide
484 3107 515 3161 ad
530 3108 589 3175 lll,
603 3108 675 3172 318⁴,
716 3129 757 3181 97.
767 3136 799 3148 -
810 3110 888 3175 Virga
901 3109 957 3162 hec
968 3108 1022 3159 vim
1035 3107 1163 3178 magicam
1179 3105 1231 3159 ha·

158 3188 268 3239 reddedit
274 3192 358 3239 omnm
368 3191 447 3246 sutis,
460 3186 670 3239 nobisbonavo-
717 3186 895 3240 huis-Setis
905 3196 953 3240 ete.
962 3185 1103 3241 Mutamus
1112 3186 1140 3238 in
1152 3203 1229 3249 soes,

158 3263 670 3332 sentibusaequehonisrotisrespondit.
718 3284 783 3334 quos
806 3265 904 3317 Noster
924 3283 1001 3317 more
1019 3284 1068 3319 suo
1089 3260 1230 3327 describit,

195 3343 250 3411 27&
259 3342 362 3394 mecm
376 3340 516 3405 tostc'jsbct
529 3349 577 3392 etc.
587 3340 669 3393 Hom.
719 3363 803 3413 quum
810 3345 946 3398 Homerus
954 3343 981 3396 id
993 3344 1109 3396 breviter
1121 3351 1147 3392 et
1159 3340 1230 3393 sim-

161 3406 671 3492 vsadlzsisdispereopo'sereeto'ctfcee
719 3421 820 3489 pliciter
844 3421 998 3490 expresserit
1015 3436 1118 3471 :suum
1143 3415 1232 3468 hahe-
1261 3442 1264 3447 ·

163 3506 205 3552 secl
215 3500 268 3566 pile
279 3501 365 3574 glnpis
380 3503 444 3568 Oleep
463 3503 582 3572 llpsrpesrt'p
597 3498 673 3549 tete«.
718 3499 782 3553 hant
791 3500 889 3569 capita,
902 3517 992 3552 vocem
1002 3514 1111 3563 ,corpus
1121 3503 1231 3549 etesias.

163 3574 249 3629 Valde
263 3586 368 3646 gratum
379 3573 478 3629 Grecis
495 3571 609 3641 antiquis
621 3572 677 3626 hoe
718 3581 900 3631 -Horrescere
908 3574 941 3630 de
951 3575 1030 3643 pilosa
1040 3571 1232 3625 hirsutie:hoe-

164 3654 278 3724 potionis
285 3647 670 3723 genus‚conlectumelarine,
719 3673 813 3707 rescere
823 3659 885 3707 setis
913 3656 990 3719 pilr's,
1011 3653 1076 3702 hirto
1087 3650 1161 3700 dorso
1181 3666 1231 3700 so-

165 3749 257 3794 caseo,
274 3730 369 3797 melle,
386 3731 466 3792 eino;
482 3727 577 3783 confer
591 3727 651 3781 lta
661 3764 677 3792 ,.
719 3729 807 3785 temne
819 3728 853 3784 sle
866 3693 968 3788 eddium
978 3725 1036 3778 vide
1048 3723 1182 3776 Drakenb.
1196 3723 1231 3778 ad

166 3809 233 3871 6383
245 3817 273 3861 et
284 3806 343 3861 vide
356 3809 436 3862 Riccii
448 3807 548 3860 dissert.
558 3806 673 3860 Homer.
721 3807 766 3861 sit.
779 3808 809 3872 l,
823 3809 879 3872 das.
892 3803 960 3858 Satis
973 3802 1015 3856 hic
1030 3810 1151 3870 apparet,
1165 3801 1230 3870 qnid

167 3896 232 3940 tom.
246 3885 273 3950 l,
290 3902 346 3955 pag.
358 3888 411 3940 181.
423 3885 529 3938 Dicitur
543 3891 633 3940 ttoxaes
644 3893 673 3936 et
719 3884 776 3941 hoc,
786 3883 880 3956 mytho
899 3881 993 3933 docere
1009 3878 1140 3932 voluerint
1155 3878 1229 3932 anti·-

162 3968 272 4026 cc'nnus,·
282 3961 340 4015 ride
358 3972 385 4016 et
398 3960 520 4015 Foesium
533 3960 560 4015 in
574 3962 671 4016 OEoon.
690 3955 697 3970 '
719 3961 765 4030 otti
777 3971 876 4028 poete,
893 3957 947 4010 vim
959 3974 1055 4024 nempe
1066 3954 1229 4024 voluptatum

163 4039 245 4108 Hipp.
257 4038 283 4093 h.
295 4059 319 4091 v.
331 4068 364 4081 —
381 4043 455 4093 Toslr'
469 4041 563 4093 herka
577 4044 678 4107 grani„
719 4057 775 4092 esse
785 4046 902 4099 tantam,
914 4031 1081 4100 uthelluinos
1091 4052 1178 4086 mores
1189 4032 1231 4086 in·

162 4117 275 4173 sannam
289 4115 463 4173 hordeaceam
474 4134 487 4172 ι.
496 4118 677 4186 hordeum·
719 4113 804 4169 duaut
815 4110 981 4178 hominihus,
997 4112 1091 4166 Horat.
1103 4109 1185 4178 Epist.
1198 4109 1229 4176 1,
