2760 4710
338 336 849 406 METAMORPHOSEON
873 341 971 431 LIB.
998 345 1043 408 Χ.
1178 352 1239 441 159

165 479 363 579 Acciperet,
383 476 486 563 dixit3
503 474 718 576 revolutaque
734 506 850 552 rursus
867 478 983 553 eodem
1000 499 1059 554 est.

162 592 243 669 Non
259 592 357 667 aliter
374 590 506 691 stupuit
522 590 652 687 gemina
669 621 748 666 nece
767 592 917 691 conjugis
935 595 1111 695 Orpheus,

165 713 279 808 Quam
295 710 357 783 tria
376 711 434 809 qui
452 707 607 796 timidus,
625 708 735 782 medio
752 726 908 810 portante
926 731 1076 803 catenas,
1199 742 1233 795 65

169 824 264 900 Cotta
279 826 367 899 cauis
384 823 491 897 vidit:
508 852 606 923 quem
623 853 690 896 non
708 853 811 925 pavor
826 845 902 900 aute
920 828 1073 930 reliquit,

168 945 278 1041 Quam
297 960 416 1015 natura
433 940 544 1041 prior,
565 969 644 1013 saxo
662 970 723 1042 per
739 970 860 1043 corpus
879 944 1026 1020 oborto:

168 1059 306 1160 Quique
325 1060 412 1130 inse
431 1056 554 1128 crimen
571 1056 693 1145 traxit,
712 1056 884 1160 voluitque
901 1061 1005 1135 videri

166 1174 294 1250 Olenos
311 1202 381 1247 esse
399 1201 546 1245 nocens:
565 1188 667 1270 tuque
685 1203 705 1246 o
724 1175 849 1249 confisa
861 1176 993 1272 figure,

165 1290 287 1365 Infelix
306 1290 458 1374 Lethaea,
479 1307 542 1360 tua
555 1316 563 1373 ;
578 1288 786 1386 junctissima
803 1292 971 1390 quondam

163 1408 326 1491 Pectora,
343 1433 433 1476 nunc
450 1402 599 1503 lapides,
619 1433 703 1504 quos
717 1404 856 1480 humida
875 1408 1018 1481 sustinet
1034 1409 1101 1481 lde.

169 1523 351 1609 Orantem,
366 1518 556 1619 frustraque
572 1518 692 1593 iterum
711 1522 849 1596 transire
868 1523 1034 1597 volentem

168 1638 320 1712 Portitor
334 1653 482 1711 arcuerat
497 1666 504 1706 :
520 1653 646 1734 septem
667 1653 772 1710 tamen
791 1636 846 1710 itte
863 1638 1004 1726 diebus,

1206 1339 1238 1388 7¹·

168 1836 224 1889 sius
235 1835 378 1900 scribebat,
388 1837 449 1903 qaid
454 1840 520 1886 enim
532 1853 586 1886 sese
598 1853 681 1902 querc·
763 1835 803 1908 69.
819 1838 912 1889 Olenos
960 1824 1069 1891 lttdaea.
1082 1840 1188 1894 Horum
1200 1846 1233 1896 sa-

167 1912 679 1983 mse—Regiusn,sss1·sutsequeretur;
728 1913 1240 1990 bulauonnota-Confisafigarm'l'ur-

169 1990 378 2046 CodexBnihit
390 2002 479 2046 mutat.
730 1993 1123 2069 nebus,Advers‚1,s3,legit
1139 2007 1239 2072 corfiru

202 2069 244 2123 63.
264 2071 393 2124 Revelato.
411 2069 499 2138 Vulgo
518 2080 681 2124 revocata—
720 2073 827 2138 filare,
841 2083 867 2124 et
879 2073 1078 2142 interpretatur:
1091 2088 1119 2129 tu
1132 2098 1193 2131 cum
1206 2080 1239 2132 st-
1338 2096 1341 2101 ’

169 2149 250 2219 Regii
266 2149 364 2216 nostri,
380 2153 511 2215 revolatu
529 2169 587 2218 quse
604 2149 681 2202 lectio
730 2166 794 2216 gnra
802 2158 846 2200 tua
856 2150 883 2200 in
892 2149 1005 2219 lapidem
1015 2153 1155 2221 obrigutsri.
1170 2158 1233 2225 Qui*

167 2237 241 2281 certe
254 2225 369 2280 viridior.
382 2229 432 2279 Ed.
444 2255 478 2266 -
487 2230 614 2280 Resoluta
624 2239 676 2289 est,
729 2226 791 2279 dam
800 2226 873 2280 MSS
874 2231 969 2296 figura.
979 2257 1012 2267 —
1022 2230 1119 2298 Regius
1129 2234 1151 2287 Α
1160 2274 1168 2298 ,
1177 2257 1236 2288 con--

167 2307 270 2376 relapsa
284 2317 321 2359 est
336 2324 398 2359 curn
412 2306 523 2358 notione
536 2305 681 2359 celeritatis.
719 2309 884 2376 fisafipnm·
894 2307 932 2372 B,
945 2311 1239 2376 comesturo-Con..

169 2384 226 2439 Cic.
240 2387 295 2440 Ao.
308 2385 394 2451 Xlll,
408 2386 455 2451 αὖ,
468 2390 579 2437 revolvor
589 2390 682 2437 cilenti·
719 2386 871 2454 fisafigurae
880 2384 948 2436 sorte
960 2385 1011 2449 ita,
1024 2397 1054 2437 ut
1065 2406 1091 2438 se
1104 2392 1238 2456 praeferret

161 2463 681 2532 densuTascuIannM,ubisimpt.redeo.
728 2458 1238 2531 Deabus;quamsuperbiamquumDeae

195 2541 236 2610 64
255 2544 316 2596 Non
331 2545 409 2594 aliter
420 2547 523 2608 stupuit.
536 2540 680 2609 Vulgarem
730 2538 815 2591 ulcisci
826 2539 937 2604 vettent,
952 2539 1054 2592 Olenos
1066 2541 1170 2594 ridetur
1183 2545 1238 2596 cri-

162 2620 393 2690 conparationem
412 2620 516 2671 attoniti
539 2638 600 2671 cum
621 2638 681 2670 saro
729 2635 791 2669 men
801 2617 827 2668 in
838 2637 864 2669 se
876 2617 1238 2689 recepisse.—Jua5erepec-

162 2696 487 2763 cumulandisque,
498 2697 680 2764 quumetipsae
727 2697 899 2765 improprie
913 2696 944 2748 de
958 2707 1017 2749 actu
1032 2717 1164 2751 venereo:
1180 2698 1238 2752 vide

163 2775 413 2829 transformationes
422 2774 552 2839 habeant,
566 2794 681 2827 commo·
729 2775 761 2828 ad
776 2777 832 2842 IX,
851 2777 906 2848 469.
926 2775 979 2829 Sed
996 2795 1068 2830 nunc
1073 2779 1239 2844 junctissima

166 2854 199 2909 de
214 2855 322 2908 incerte
340 2863 410 2906 sunt
426 2852 489 2904 Viso
505 2853 596 2920 atiquis
612 2852 682 2905 Cer·
723 2863 826 2919 pectora
835 2864 897 2906 sunt
908 2856 1034 2924 conjuges
1045 2875 1134 2908 amore
1145 2869 1238 2910 mutuo

165 2930 230 2986 bero
240 2934 269 2985 in
279 2950 372 2984 sarum
384 2949 524 2983 conversus
533 2932 566 2982 sit
576 2949 680 2984 necesse
727 2931 954 3000 seamptectentes.
961 2934 1071 2999 langere
1078 2935 1151 2987 enirn
1158 2936 1236 2989 etiam

165 3023 224 3065 est:
235 3010 294 3079 quis
302 3021 392 3063 autern
402 3009 443 3060 itte
452 3009 531 3060 suerit
540 3049 547 3073 ,
557 3029 611 3060 non
621 3029 681 3062 con·
729 3008 761 3062 de
771 3028 860 3061 amore
869 3020 896 3061 et
904 3010 1015 3062 amicitia
1024 3010 1120 3066 dicitur
1127 3027 1232 3083 :pectus

169 3099 228 3142 stat
237 3087 680 3157 Sinedubioidfactumest‚quurn
729 3098 758 3139 ut
774 3086 833 3139 aiibi
851 3097 942 3153 caput.
960 3087 992 3140 de
1010 3099 1066 3142 toto
1081 3091 1238 3145 homine.-

171 3168 302 3223 ttereotes
311 3188 371 3221 eum
385 3167 415 3219 ad
430 3187 534 3235 superas
546 3188 621 3220 auras
636 3189 681 3220 ex·
728 3170 842 3220 Humida
853 3169 914 3219 Ide:
926 3167 984 3221 vide
998 3169 1029 3222 ad
1045 3171 1087 3236 ll,
1102 3179 1157 3227 218.

169 3246 299 3301 traxisset
308 3245 414 3301 Confer.
423 3248 517 3299 Suidas
526 3249 552 3299 in
561 3250 680 3318 proverb.
763 3267 800 3314 72.
814 3250 931 3300 Transire
943 3254 1068 3303 uolentem.
1081 3253 1178 3321 Sprotii
1188 3275 1228 3305 ro·

171 3330 297 3400 &Aisepos
309 3338 345 3380 τοῦ
359 3331 554 3395 παρακύπτι-κως,
572 3329 613 3380 cui
627 3328 681 3382 haec
729 3325 778 3379 dex
791 3337 817 3379 et
830 3346 898 3378 unus
910 3327 1008 3379 Mureti
1021 3336 1128 3381 transire
1137 3352 1231 3395 paran-

167 3403 220 3457 ἰώ.
230 3402 360 3473 originem
369 3403 470 3454 dedisse
481 3403 591 3456 videtur.
605 3406 681 3458 ldcm
727 3415 788 3464 tem,
803 3405 874 3472 quod
884 3406 1055 3459 Burmannus
1064 3407 1156 3459 metius
1169 3407 1239 3472 judi-

167 3481 258 3549 addit,
273 3502 322 3535 suo
335 3482 420 3535 adhuc
437 3494 554 3551 tempore
568 3485 681 3553 conspici
728 3494 786 3548 cat,
804 3483 876 3550 quasi
896 3483 985 3535 liceret
1004 3485 1100 3535 iterum
1122 3483 1239 3535 transire,

166 3557 216 3616 hoc
231 3580 335 3616 saxum.
730 3560 819 3615 Recte.
831 3587 863 3598 -
878 3561 951 3629 Regii
968 3562 1050 3612 nostri
1067 3563 1195 3611 volentem.
1207 3587 1240 3599 --

197 3641 242 3695 53.
267 3644 382 3694 Tincr'drcs
400 3654 485 3696 mutat
508 3642 633 3695 Heinsius
653 3644 681 3695 in
729 3640 1032 3706 Portitornominequasi
1041 3637 1147 3706 proprio
1157 3635 1239 3690 dictus

164 3719 268 3790 &15123
276 3718 466 3778 damnandus:
477 3722 577 3789 primus
586 3720 681 3787 Regius
730 3715 855 3784 Charon,
870 3737 923 3770 non
934 3736 947 3768 a
957 3714 1103 3783 portando,
1116 3713 1161 3764 scd
1169 3720 1237 3782 quod

162 3801 264 3850 tumidi
272 3837 280 3853 ,
301 3797 325 3850 id
344 3810 383 3851 est
401 3801 458 3851 irati
475 3817 480 3847 :
495 3817 549 3849 non
564 3796 638 3850 maie.
650 3825 682 3837 —
730 3799 864 3850 amortuis
877 3795 1025 3865 portorium
1038 3795 1167 3860 exigeret:
1181 3798 1237 3851 vide

162 3872 265 3928 Codex
273 3874 368 3944 Regius
380 3878 402 3928 Α
412 3880 534 3941 ‚tumidis
548 3873 638 3927 Codex
649 3876 680 3939 B,
730 3876 927 3928 Broukhusium
938 3872 1236 3946 adPropert.lV,x1‚7;

152 3957 259 4006 trudet
270 3980 304 3995 ·-
314 3956 419 4010 nediu:
434 3955 500 4007 coilo
512 3952 680 4015 subanditur,
730 3955 823 4022 virgil.
832 3953 857 4005 G
875 3954 925 4015 lV,
937 3956 1165 4019 502,nccpor!1'!or
1178 3960 1242 4011 Orci

153 4046 230 4084 nam
240 4052 255 4084 e
265 4033 347 4085 tribus
358 4032 469 4085 Cerberi
482 4031 553 4085 collis
564 4030 682 4084 medium
729 4032 849 4095 Amplros
856 4029 980 4093 objectam
985 4037 1239 4101 passustransirepa·

149 4111 265 4163 catenis
276 4112 365 4163 suerat
376 4111 493 4178 ligatum.
506 4113 555 4163 ls'd.
728 4105 947 4172 ladem-Septem
953 4107 1236 4178 dt'ebes.Septenariunr
