2760 4710
152 302 220 370 536
422 303 462 367 P.
496 300 679 369 ovtnn
711 299 949 371 NASONIS

152 442 239 517 Tum
254 439 352 527 mihi,
368 467 411 512 ne
427 467 572 541 praeseos
588 469 743 535 augerem
758 443 909 517 muneris
926 441 1040 541 hujus

151 558 329 644 invidiam,
348 557 466 633 densas
483 559 606 657 objecit
623 560 767 662 Cynthia
782 561 914 636 nubes:
938 602 943 611 ·

152 675 267 772 thue
284 670 390 746 iorem
409 688 519 760 tutus,
534 701 737 776 possemque
751 674 890 777 impune
904 673 1038 765 videri,

31 816 39 838 ⁸
153 788 295 862 Addidit
314 807 460 876 aetatem,
479 818 540 864 nec
556 791 787 885 cognoscenda
804 790 947 891 reliquit

156 903 227 977 Ora
245 904 327 977 mihi
343 935 350 977 :
366 906 553 1005 Cretenque
569 904 627 978 diu
645 906 809 981 dubitavit
825 905 1025 981 habendam
1195 927 1240 996 54·

153 1019 333 1107 Traderet,
348 1049 392 1093 an
407 1020 518 1096 Delon
533 1053 541 1096 :
557 1022 665 1110 Delo,
685 1026 849 1126 Cretaque
865 1022 997 1099 relictis

156 1135 222 1217 Hic
240 1135 373 1236 posuit,
390 1166 579 1239 nomenque
597 1137 716 1227 simul,
734 1140 826 1240 quod
843 1139 955 1239 possit
973 1165 1148 1238 equorum

159 1252 405 1340 Admonuisse,
420 1253 517 1351 jubet
533 1254 721 1356 deponere:
737 1288 754 1320 «
771 1257 906 1357 Quique
924 1253 1028 1328 luisti

159 1401 179 1435 »
201 1368 425 1470 Hippolytus,
445 1372 548 1460 dixit,
564 1402 651 1447 nunc
668 1373 756 1448 idem
771 1374 911 1447 Virbius
926 1390 1018 1446 esto.
1039 1405 1061 1438 ³>

157 1487 236 1561 Hoc
253 1516 370 1564 nemus
386 1490 464 1564 iude
480 1489 579 1579 colo,
598 1491 639 1567 de
657 1493 785 1592 Disque
801 1491 994 1565 minoribus
1013 1518 1111 1565 uuus
1192 1510 1239 1578 545

161 1608 306 1681 Numine
323 1610 388 1683 sub
405 1611 545 1686 dominae
561 1608 673 1698 lateo,
689 1628 789 1710 atque
804 1637 982 1684 accenseor
997 1607 1069 1683 illi.
1085 1641 1105 1675 n

209 1723 287 1796 Non
305 1741 413 1798 tamen
429 1724 558 1821 Egeriae
574 1723 686 1800 luctus
698 1723 803 1800 aliena
819 1724 926 1799 levare

159 1837 291 1909 Damna
306 1836 435 1924 valent,
450 1839 642 1940 montisque
657 1840 769 1936 jacens
784 1838 954 1913 radicibus
971 1838 1058 1913 imis

160 1951 318 2050 Liquitur
334 1949 369 2023 in
388 1949 547 2053 lacrymas
563 1982 573 2026 ι
587 1954 692 2027 donec
704 2010 715 2043 ,
729 1953 853 2056 pietate
868 1949 1019 2026 dolentis

161 2122 236 2169 cutus
252 2125 291 2167 est
310 2114 458 2180 Horatius,
476 2114 535 2180 IV,
547 2114 601 2170 Od.
614 2130 672 2182 vn,
722 2115 769 2167 tbo
780 2125 871 2168 monte
884 2113 962 2179 Deli,
976 2113 1025 2166 ubi
1038 2114 1101 2168 uati
1110 2122 1181 2168 sunt
1193 2114 1239 2166 151.

164 2197 210 2259 2⁵,
223 2213 254 2245 ex
266 2212 319 2261 quo
332 2191 456 2262 pudicum
469 2193 594 2261 juvenem
608 2194 672 2246 iru-
756 2190 1240 2264 quAdda'ditaetate115menatnme·

161 2281 215 2324 stra
231 2271 260 2324 in
280 2270 360 2323 vitam
380 2290 502 2323 revocare
522 2283 616 2325 conata
634 2283 673 2333 est
721 2267 985 2338 {ommiecinquam
993 2268 1238 2339 essem,quurnab

163 2350 486 2404 Diana-Paeannomen
498 2349 591 2401 medici
603 2348 673 2418 apud
722 2351 795 2419 equis
807 2349 847 2402 lui
860 2349 1026 2403 dilaceratus
1042 2353 1097 2402 Eat

164 2429 331 2492 Homerum,
349 2446 364 2479 a
382 2445 434 2496 quo
453 2437 558 2479 curatus
574 2426 672 2485 Pluto:
755 2429 1021 2494 542.Hr'cposu1'tetc.
1031 2426 1198 2497 Virgilium
1208 2427 1241 2479 At

163 2510 227 2575 quin
239 2516 267 2560 ct
279 2508 357 2560 Prean
368 2515 477 2557 voratur
489 2503 599 2572 Apollo,
614 2525 674 2558 me-
722 2525 737 2551 »
750 2503 839 2557 Trivia
859 2502 1041 2576 Hippolytum
1053 2506 1162 2559 secretis
1175 2503 1242 2556 alma

163 2585 256 2639 diciuae
271 2584 401 2637 inventor.
418 2585 674 2636 Ed.-Dnend1‘-
723 2603 737 2630 e
751 2581 870 2635 recondit
894 2581 1035 2650 Sedibus,
1067 2592 1095 2636 et
1113 2581 1241 2652 Nympho

159 2662 346 2732 granteminui
355 2663 403 2715 sibi
412 2659 569 2728 imperium,
583 2660 673 2714 violari
723 2680 738 2707 n
753 2660 854 2729 Egeria
877 2660 1039 2728 nemorique
1064 2661 1167 2728 relegat
1181 2681 1194 2703 ¹·
1208 2686 1242 2698 -

162 2743 238 2812 regni
248 2741 460 2808 foedera,quum
470 2737 504 2791 ad
513 2738 597 2792 lucem
607 2758 674 2792 con-
727 2740 828 2791 Virbius
850 2736 922 2805 quasi
948 2737 989 2789 bis
1012 2736 1076 2802 vir,
1099 2742 1239 2802 alipene:

94 2838 97 2846 ·
164 2832 204 2874 tra
216 2820 457 2884 lasretraberetur,
471 2819 516 2887 qui
529 2818 610 2891 Styga
619 2819 673 2886 jam
721 2836 818 2885 nempe
840 2817 868 2868 in
889 2814 990 2885 templo
1010 2816 1109 2869 Dianae
1129 2813 1239 2868 Ariciae

162 2898 276 2963 viderat,
286 2908 313 2950 et
322 2896 445 2966 paludem
458 2901 620 2951 &murabilis
629 2916 674 2948 un·
722 2895 862 2949 domestica
876 2894 1004 2962 religione
1021 2895 1162 2947 colebatur
1177 2892 1241 2943 Vir·

163 2978 202 3027 de
215 2976 360 3026 transierat.
371 2977 421 3027 Ed.
722 2971 779 3025 bius
789 2970 912 3039 quidam,
932 2989 1013 3038 quern
1031 2971 1169 3034 seriores,
1185 2987 1239 3021 non

195 3050 252 3101 535.
266 3054 380 3102 Praesens
392 3050 420 3102 in
433 3051 513 3113 caelo,
529 3049 672 3119 Virgilius,
721 3051 782 3103 satis
793 3060 894 3103 constat
910 3068 978 3115 cur,
998 3048 1182 3120 Hippolytum
1193 3051 1239 3100 iu·

163 3151 176 3174 u
191 3128 263 3181 Tum
275 3137 348 3194 pater
360 3125 543 3194 omnipotens,
559 3128 673 3197 aliquem
722 3128 857 3196 terpretati
868 3137 937 3179 sunt

161 3205 338 3276 »indignatus
357 3205 389 3258 ab
409 3206 509 3259 umbris
531 3204 676 3259 Mortalem
755 3205 811 3272 545.
825 3207 1034 3264 Accerseorr'lle’.
1057 3204 1169 3260 datusei
1182 3223 1240 3260 sum

163 3310 178 3336 >v
191 3286 303 3340 infernis
319 3284 350 3337 ad
370 3284 471 3337 lumina
488 3303 596 3355 surgere
615 3284 674 3337 vites
722 3287 837 3362 edyedpoe.
850 3284 990 3353 inscriptio
1010 3284 1083 3354 apud
1101 3285 1240 3351 Gudium,

163 3390 178 3416 u
191 3379 240 3421 etr.
250 3388 264 3413 »
277 3364 377 3420 Aricini
389 3363 549 3430 narrabant,
568 3363 674 3432 Hippo·
722 3382 779 3432 pag.
792 3366 844 3428 30,
860 3365 952 3415 Dim
967 3364 1099 3416 Arecr'aee'e
1111 3375 1138 3416 e!
1153 3368 1242 3416 mtto

161 3447 248 3520 lyturn
265 3446 296 3499 in·
314 3445 394 3499 vitam
408 3453 575 3508 revocatum,
591 3460 673 3510 quum
721 3442 791 3494 sacr.
810 3444 925 3494 Accessi
944 3440 1105 3495 dicebantur
1125 3442 1241 3495 ministri

163 3527 298 3596 ignoscere
317 3523 383 3592 patri
401 3521 504 3586 nollet,
523 3522 551 3573 in
571 3520 673 3573 ltaliam
722 3521 817 3591 publici
830 3521 1023 3587 magistratibus
1034 3520 1174 3575 adtributi.
1183 3525 1243 3576 Ae*

161 3605 278 3661 venisse,
296 3601 382 3670 ibique
395 3609 545 3654 consecrato
559 3598 674 3651 Aricinae
721 3618 824 3651 censeor
832 3598 930 3651 habent
940 3599 1016 3666 prim.
1027 3597 1144 3654 δίωκε
1150 3640 1164 3666 ,.
1170 3621 1241 3654 unus

162 3679 257 3734 Dione.
268 3678 366 3747 templo
374 3696 493 3746 regnasse
504 3696 511 3738 ;
523 3674 672 3742 Pausanias,
722 3676 892 3730 Leidensiset
900 3695 968 3728 unus
977 3677 1187 3743 Ambrosianus;
1198 3680 1242 3733 alii

166 3757 288 3813 Corinth.
303 3778 327 3827 p.
344 3759 397 3826 r73.
409 3758 487 3825 Apud
501 3754 672 3824 Euripidem,
721 3758 857 3808 adseritur.
866 3782 900 3794 -
911 3753 991 3809 Plura
1005 3766 1069 3810 suut
1085 3757 1129 3812 bic
1140 3778 1243 3827 genera

166 3837 229 3897 1423
240 3855 304 3904 sqq,
318 3835 405 3889 Diana
413 3833 570 3888 morientem
579 3851 673 3887 ronso-
721 3830 855 3899 lectionis,
869 3851 928 3901 qun
936 3832 995 3886 vide
1004 3834 1074 3904 apud
1085 3836 1244 3893 Heinsium.

162 3906 232 3961 latur
243 3911 400 3980 bonoribus,
411 3932 476 3982 quos
487 3911 673 3965 inter'l’roese·
723 3907 816 3962 Codex
831 3921 922 3964 noster
934 3910 1034 3980 Regius
1050 3913 1075 3965 A
1087 3917 1241 3978 adsentior,-

163 3984 224 4038 nios
241 4003 426 4044 consecuturus
441 3993 482 4045 sit.
498 4020 530 4032 -
544 3993 673 4062 cynthii,
720 3988 806 4042 codex
816 3990 839 4042 B
850 3996 992 4052 accersiat,
1010 4003 1038 4045 et
1050 4013 1103 4063 pro
1115 3994 1188 4050 varia
1203 3995 1246 4049 le·

164 4056 270 4128 Diam,
279 4076 309 4118 ut
318 4067 410 4135 Apollo
420 4068 564 4140 Cynthius,
577 4089 591 4122 a
601 4067 673 4140 Cyn·
720 4067 805 4122 ctione
817 4071 949 4135 acceptior.
960 4067 1011 4122 Ed.
