2760 4710
255 363 258 367 ’
302 354 827 428 METAMORPHOSEON
849 359 946 428 LIB.
972 362 1059 429 XV.
1152 361 1218 458 507

152 503 271 588 Astra;
287 499 378 597 juvat
395 497 490 572 terris
508 514 541 572 et
557 499 655 574 inerti
673 499 749 574 sede
764 497 905 588 reiietis,

152 617 251 691 Nube
267 617 361 704 vehi,
379 614 544 717 validique
560 618 709 694 humeris
727 617 879 695 insistere
892 616 1054 709 Atlantis;

154 730 373 831 Palantesque
390 732 520 805 animos
534 731 658 831 passim
674 760 713 805 ae
728 732 868 806 rationis
885 750 1017 828 egentes
1174 755 1221 808 150

155 849 354 949 Despectare
370 846 505 949 procul,
524 847 757 950 trepidosque,
771 849 968 950 obitumque
985 849 1137 925 timentes

157 963 210 1037 Sic
229 965 409 1052 exhortari,
427 965 608 1066 seriemque
624 964 770 1040 erolvere
784 965 868 1039 sati:

208 1113 226 1144 »
243 1081 276 1153 0
292 1108 395 1176 genus
412 1080 599 1156 adtonitum
616 1081 732 1178 gelidae
747 1081 924 1157 formidine
939 1084 1076 1158 mortis!

156 1194 248 1291 Quid
267 1197 387 1298 Styga,
406 1197 489 1298 quid
505 1200 676 1289 tenebras,
696 1200 776 1301 quid
792 1200 927 1273 nomina
944 1229 1027 1274 vana
1045 1200 1185 1289 timetis,

156 1310 335 1386 Materiem
346 1330 475 1402 vatum,
491 1312 629 1415 falsique
647 1313 777 1416 piacula
795 1313 938 1388 mundi?
1175 1335 1222 1388 155

157 1423 307 1526 Corpora
322 1425 389 1500 sive
404 1455 506 1522 rogus
522 1426 668 1517 flamma,
686 1457 744 1502 seu
763 1427 840 1502 tabe
854 1445 999 1504 vetustas

156 1539 364 1629 Abstulerit,
383 1539 466 1615 mala
484 1569 583 1641 posse
600 1541 670 1643 pati
687 1571 756 1614 non
773 1541 841 1615 utta
858 1541 993 1642 putetis.

158 1653 270 1726 Morte
285 1672 397 1729 carent
413 1655 548 1745 animae,
566 1683 779 1756 semperque,
797 1655 909 1756 priore
924 1655 1037 1729 relicta

157 1849 298 1918 codicum,
315 1853 461 1907 secundum
481 1872 560 1923 quam
576 1873 665 1908 versus
714 1873 728 1899 ι·
743 1851 830 1905 videre
837 1850 1225 1922 Errare,atqueriampaiantes

158 1946 214 1984 non
226 1928 310 1983 sotum
319 1941 358 1983 est
370 1930 577 2006 dactylicus,sed
585 1931 666 1986 etiam
714 1950 729 1976 ¹·
743 1947 860 1998 quarere
872 1930 948 1995 vitas,
971 1929 1081 1984 Certare
1099 1930 1224 2000 ingenio,

159 2005 274 2061 abundat
284 2008 379 2080 syllaba
391 2048 399 2076 ,
418 2029 476 2078 quar
486 2050 493 2076 ,
505 2012 540 2064 ob
550 2011 668 2066 vocalem
716 2028 730 2055 ν
744 2006 905 2061 contendere
917 2008 1051 2062 nobilitate
1063 2019 1111 2062 etc.
1120 2031 1134 2055 »
1144 2009 1225 2079 idque

158 2087 339 2158 subsequentis
348 2109 437 2144 versus
449 2130 457 2157 ,
471 2090 576 2145 eliditur
588 2111 596 2155 ς
616 2091 667 2145 boc
713 2087 792 2156 paulo
804 2097 862 2156 post
878 2087 968 2140 tribuit
981 2092 1105 2149 rationis,
1121 2087 1227 2158 sapien·

159 2176 249 2220 autem
261 2167 318 2222 loeo
329 2168 395 2221 nihii
407 2169 564 2224 mutandum
575 2168 667 2225 credi·
715 2163 774 2231 ίῑῠ,
786 2169 939 2231 testald-
948 2165 1053 2226 seriem.
1067 2176 1225 2234 perpetuum

159 2265 241 2314 mus,
261 2248 320 2316 quia
332 2247 432 2317 primus
440 2247 587 2316 Hamburg.
599 2266 668 2300 uuus
714 2263 805 2298 rerum
819 2263 932 2298 tursum.
947 2272 981 2284 -
992 2245 1125 2306 Evolvere,
1147 2262 1228 2297 enar-

160 2324 668 2388 Heinsianoeemendationist'uitauetora
715 2343 793 2387 ητις
812 2328 910 2377 votem
919 2324 1034 2392 sertorum
1050 2342 1146 2376 arcana
1163 2323 1227 2377 dixit

159 2404 341 2458 immocodicis
347 2405 429 2459 nostri
435 2403 668 2473 RegiiBiibrarius
715 2403 855 2474 Virgilius,
869 2404 931 2456 AEn.
942 2404 969 2469 l,
983 2404 1039 2456 aba.

158 2482 336 2551 scripsitjaral
345 2488 434 2548 aieper
442 2492 513 2534 astra
521 2485 589 2544 alta,
599 2492 669 2538 tam-
750 2485 805 2549 ¹⁵4
822 2484 964 2541 Tenebras.
979 2481 1051 2535 Orci.
1063 2509 1097 2520 -
1108 2480 1163 2533 Pro
1174 2501 1228 2534 no-

160 2577 239 2625 quam
255 2577 364 2612 omnem
382 2558 454 2612 dubii
472 2558 560 2613 iocum
577 2560 668 2613 toliere
715 2565 785 2613 uiua
795 2560 873 2613 multi
885 2565 988 2613 numr'rra
998 2579 1005 2611 .·
1016 2579 1104 2611 nornen
1112 2577 1178 2627 sape
1189 2568 1228 2611 est

160 2635 278 2691 voluerit.
291 2639 380 2690 Eat-
389 2639 483 2692 Mente
492 2637 668 2692 meadtoliam
716 2637 889 2707 figmentum,
905 2650 931 2692 et
943 2638 1084 2708 opponitur
1097 2637 1151 2698 rei3
1166 2637 1227 2690 Ho-

159 2731 236 2783 supra
253 2726 358 2770 terram.
371 2745 405 2758 -
420 2717 544 2771 Graviter
562 2728 590 2772 et
606 2736 669 2770 vere
716 2718 814 2783 ratius,
829 2717 857 2783 1,
869 2716 923 2770 Od.
935 2734 980 2782 ιν,
995 2721 1040 2783 24,
1057 2716 1229 2784 noxsabulae-

159 2796 225 2846 iners
237 2798 317 2849 sedes.
333 2797 386 2849 Pro
396 2805 423 2850 et
433 2801 511 2849 tirem'
522 2796 576 2850 Siai
586 2795 669 2850 codex
717 2816 763 2865 que
772 2815 874 2849 manes:
885 2796 919 2849 ibi
928 2795 986 2849 vide
996 2795 1116 2849 Lambin.
1124 2824 1157 2836 -
1165 2797 1230 2847 Fal-

161 2869 352 2936 babetmortala',
363 2875 667 2945 utsitappositioffems,
717 2893 761 2926 sas
775 2877 900 2938 maram,
921 2874 1127 2941 subterraneus,
1148 2892 1228 2944 quem

161 2952 264 3000 mortali
271 2952 346 3010 sele,
366 2955 468 3006 rcteen's.
485 2952 574 3005 Ambo
592 2951 670 3021 Regii
717 2951 886 3006 finxeruntet
897 2953 925 3005 in
937 2971 991 3021 quo
1002 2951 1174 3007 describendo
1182 2973 1230 3007 oe·

162 3024 263 3078 codices
275 3025 371 3081 babent
382 3035 468 3091 tomi,
485 3041 511 3084 et
522 3036 601 3085 tironi
611 3034 671 3084 sede
717 3031 804 3100 eupati
822 3041 884 3084 sunt
906 3043 985 3083 vates.
1007 3031 1047 3085 lbi
1065 3031 1176 3085 erimina
1200 3030 1229 3083 in

162 3108 269 3166 relicta
286 3104 320 3157 ita
332 3105 394 3158 oiim
412 3108 561 3177 legebatur,
577 3120 604 3164 et
620 3108 670 3179 legi
717 3109 817 3179 superis
824 3109 961 3162 commissa
970 3115 1043 3176 prirn'
1053 3109 1229 3163 credebantur·

163 3184 242 3238 etiarn
251 3185 451 3250 nunedeberet;
464 3188 571 3250 aiteram
579 3188 672 3243 iectio-
718 3185 812 3241 debitis
819 3188 908 3255 poenis.
919 3187 1047 3257 Exemplo
1056 3197 1119 3241 sunt
1127 3188 1231 3240 Tanta-

164 3282 227 3316 nem
239 3283 270 3316 ex
278 3262 397 3315 Juniano
410 3264 465 3317 solo
476 3265 579 3318 videtur
593 3265 672 3319 adtu·
718 3267 774 3335 ius,
784 3268 874 3335 ixion,
887 3269 988 3341 Tityos.
999 3270 1056 3322 Nec
1064 3265 1230 3340 Pythagorei

164 3338 221 3393 iisse
236 3340 672 3395 Heinsiuutimrlaldesildano
720 3349 871 3419 negabam,
890 3349 990 3402 animas
1010 3349 1152 3417 impiorum
1172 3354 1233 3413 post

163 3419 242 3472 simui
259 3419 409 3486 adtulisset,
426 3438 482 3472 non
499 3419 672 3489 improbanda
720 3424 844 3492 repetitas
852 3425 1021 3495 migrationes
1032 3440 1121 3491 peenas
1132 3420 1186 3488 pati
1194 3429 1233 3472 at-

165 3499 274 3552 omnino
286 3498 357 3552 soret
368 3496 535 3562 emendatio;
550 3496 596 3551 sed
611 3515 674 3565 pee-
723 3517 773 3567 que
784 3518 799 3551 a
809 3501 894 3555 Furiis
904 3501 998 3553 vexari.
1008 3500 1117 3552 Pr'acala
1126 3515 1140 3548 e
1149 3496 1230 3564 Neap.

165 3587 221 3644 eat,
232 3577 338 3629 servatis
347 3595 402 3630 vor„
413 3587 441 3630 e!
450 3581 529 3630 riredr‘.
537 3575 673 3630 Caeterum
722 3585 750 3628 et
765 3594 818 3629 uno
831 3578 916 3630 Vossii
928 3576 981 3629 MS
994 3573 1092 3641 recepit
1106 3572 1238 3625 Heinsius-

165 3654 260 3707 Horat·
273 3656 285 3708 1
297 3694 304 3719 ,
317 3653 370 3707 Od.
380 3671 474 3720 xxxiv,
486 3675 516 3728 q,
527 3653 593 3708 dixit
602 3657 675 3706 brata
722 3659 904 3721 promn'culrr
915 3652 1002 3722 (quod
1015 3650 1109 3719 iegitur
1120 3650 1149 3702 iu
1160 3649 1234 3704 eodi—
1339 3711 1352 3730 Ι

165 3732 247 3783 tetius.
263 3730 496 3793 Ede-Palania,
510 3732 555 3801 qui
565 3740 676 3801 propter
723 3729 795 3784 cibus
802 3731 1091 3802 Regiis).-Vc!astas,
1105 3737 1231 3783 senectus

97 3848 101 3855 .
166 3826 268 3860 errores
280 3818 306 3861 et
317 3807 471 3877 cupiditates
484 3809 536 3863 huc
549 3808 611 3862 iiiuc
623 3827 675 3860 va-
759 3810 813 3860 :stt
828 3809 1165 3862 Monecaoentamiueetc.
1179 3805 1232 3860 Se-

167 3895 277 3954 gantur,
288 3886 376 3939 relicta
384 3886 489 3939 salutari
496 3887 544 3940 via.
552 3886 676 3956 Reapeait
725 3884 816 3954 quitor
828 3884 987 3938 celebratum
1003 3882 1067 3936 iilud
1085 3882 1118 3936 de
1130 3883 1234 3941 anim·

167 3972 256 4015 autem
269 3963 441 4030 Lucretium,
463 3964 507 4030 tt,
523 3983 541 4034 q
556 3981 624 4032 sqq,
642 3961 676 4015 ds
724 3981 786 4015 rum
799 3963 955 4032 migratione
968 3962 1079 4031 dogma,
1094 3962 1164 4031 quod
1178 3965 1234 4036 Py-

166 4039 243 4093 editis
251 4040 417 4110 sapientium
430 4041 571 4111 tempiists
580 4039 677 4109 Despi-
725 4039 864 4110 thagora,
877 4039 1031 4109 Herodoto,
1047 4040 1166 4096 Diodoro
1181 4043 1234 4100 Sic.

168 4137 182 4165 ν
196 4137 255 4173 cere
268 4117 339 4173 uude
351 4138 431 4190 queas
441 4119 517 4188 alios,
530 4117 678 4189 passimque
726 4127 754 4172 et
765 4117 820 4171 aiiis
830 4116 993 4186 auctoribus,
1006 4119 1038 4174 ab
1050 4118 1179 4192 AEmtiis
1191 4141 1235 4176 ae-
