2760 4710
319 408 836 479 Mursuonrnosnou
865 410 960 479 uu.
988 411 1058 478 xl.
1153 436 1218 504 299

150 557 233 628 Nou
248 569 376 646 agreste
394 569 516 635 tamen,
537 577 598 622 nec
614 549 870 651 inexpugnabile
890 550 1005 623 Amori

152 660 277 747 Pectus
294 670 441 755 trahens,
460 670 558 743 silvas
576 685 737 770 captatam
756 696 841 768 sape
858 696 918 769 per
936 696 1049 744 omnes

152 788 310 889 Adspicit
327 787 508 887 Hesperien
525 789 630 887 patria
647 786 833 862 Cebrenida
849 789 941 888 ripa,

153 909 300 1005 Injectos
316 907 462 979 humeris
480 907 653 980 siccantem
673 903 742 979 sole
759 904 906 1004 capillos.

154 1020 235 1094 Visa
255 1021 339 1116 sugit
351 1019 524 1122 Nymphe,
542 1018 642 1092 veluti
659 1021 830 1119 perterrita
846 1018 973 1092 fulvum

158 1137 261 1210 Cerva
277 1135 412 1235 lupum,
432 1134 594 1233 longeque
610 1131 681 1205 lacu
700 1131 859 1233 deprensa
874 1131 990 1206 relicto

156 1249 357 1349 Accipitrem
373 1247 513 1320 lluvialis
529 1275 609 1322 anas
626 1277 633 1319 :
651 1275 749 1348 quam
765 1246 888 1319 Troius
903 1246 1003 1319 heros

156 1363 367 1462 Insequitur,
384 1360 586 1460 celerumque
603 1379 693 1434 metu
709 1358 794 1433 celer
807 1377 903 1453 urget
920 1387 1038 1434 amore.

157 1482 243 1555 Ecce
260 1480 366 1555 latens
382 1479 484 1553 herba
503 1479 638 1553 coluber
655 1479 812 1573 fugientis
829 1479 959 1552 adunco
1174 1498 1223 1567 775

157 1594 266 1667 Dente
282 1593 401 1693 pedem
419 1595 571 1679 strinxit,
588 1594 744 1694 vinisque
760 1593 796 1666 in
812 1620 953 1694 corpore
968 1592 1077 1692 liquit.

159 1711 245 1785 Cum
261 1711 328 1783 vita
345 1740 518 1811 suppressa
535 1712 613 1806 suga
626 1729 676 1784 est
690 1741 696 1780 :
712 1710 921 1810 amplectitur
938 1739 1051 1785 amens

158 1828 370 1914 Exanimem,
384 1829 586 1929 clamatque,
608 1829 755 1924 «Piget,
773 1829 863 1928 piget
880 1856 952 1902 esse
967 1846 1137 1902 secutum:

163 1976 182 2008 a
203 1942 269 2015 Sed
286 1964 353 2015 uon
370 1942 434 2016 hoc
451 1941 563 2030 timui;
583 1972 642 2018 nec
658 1959 726 2016 erat
740 1943 821 2016 mihi
840 1943 968 2016 vincere
986 1934 1078 2015 tanti.

162 2089 182 2122 a
201 2055 412 2131 Perdidimus
425 2057 576 2131 miseram
593 2084 658 2131 nos
677 2073 707 2130 te
722 2056 792 2128 duo
809 2085 816 2129 :
836 2055 955 2129 vulnus
970 2057 1013 2129 ab
1030 2083 1163 2151 ungam,
1177 2077 1229 2145 sao

165 2203 184 2236 a
202 2171 302 2244 Aure
315 2196 413 2246 'causa
431 2173 504 2245 data
521 2190 571 2246 est
586 2203 593 2244 :
610 2200 670 2266 ego
689 2172 750 2244 sim
768 2156 957 2244 sceleratior
976 2165 1056 2257 illo,
1112 2235 1115 2243 ,

164 2318 183 2349 a
200 2281 245 2358 Ni
258 2284 322 2359 tibi
332 2303 438 2358 morte
455 2314 526 2359 mea
541 2286 657 2359 mortis
674 2284 792 2358 solatia
808 2283 948 2357 mittam.
969 2317 986 2348 a
1060 2328 1062 2333 ·

160 2398 276 2487 Dixin
295 2416 327 2474 et
343 2429 361 2473 e
378 2400 539 2501 scopulo,
557 2422 656 2502 quem
673 2426 770 2475 rauca
786 2396 965 2473 subederat
979 2394 1085 2482 unda,

161 2518 203 2593 Se
222 2518 315 2592 dedit
328 2521 364 2593 iu
379 2540 523 2620 pontum
541 2519 688 2622 :Tethys
706 2521 860 2594 miserata
877 2517 1047 2592 cadentem

161 2636 313 2711 Molliter
329 2639 475 2739 excepit,
492 2654 690 2739 nantemque
707 2658 767 2738 p'er
784 2658 915 2738 aequora
929 2633 1048 2737 pennis
1175 2650 1228 2734 '785

162 2840 201 2887 ies
210 2846 237 2888 et
246 2839 273 2887 r‘n
283 2855 367 2889 arcem
380 2855 415 2888 ea·
422 2841 482 2889 urbe
492 2841 597 2901 removi,
613 2837 673 2890 Non
721 2851 767 2901 κν,
776 2853 827 2900 ao,
840 2830 988 2887 utiendum
998 2827 1149 2884 similitudo.
1163 2830 1229 2882 Cole-

161 2915 491 2982 malammbiliopcrdit.
720 2920 875 2981 nnucetc.
886 2908 974 2981 l,·539
981 2929 1018 2978 aq.
1030 2906 1232 2977 sequestrasti-

197 2990 251 3060 767.
261 2992 381 3060 Agresle,
398 2993 496 3047 durum
506 3005 534 3048 et
546 2994 673 3047 invenus-
720 3004 763 3051 ter,
772 2992 851 3046 habet
864 2989 1039 3060 Apollodorus
1053 2987 1229 3043 aduxitcuim

162 3071 672 3140 aum-captarepuutam,eamubique
721 3086 780 3125 atur
792 3088 918 3135 uxorem,
936 3078 963 3121 et
978 3069 1230 3123 εενθῶνιὶκιθανοῦσαν

163 3165 297 3217 querere,
311 3168 419 3203 omnem
431 3170 540 3220 operam
551 3150 630 3216 dare,
643 3159 673 3202 ut
722 3153 866 3224 ἐκοιμάθη,
875 3150 967 3218 lugens
975 3147 1143 3202 mortuamiu
1154 3161 1229 3198 avem

162 3242 223 3278 eam
230 3225 319 3280 videre
329 3267 337 3292 ,
348 3239 374 3280 et
384 3247 444 3281 cum
453 3249 483 3282 ea
492 3229 604 3298 colloqui
614 3247 672 3298 poa·
719 3240 835 3285 mutatus
840 3229 1030 3285 ost—Smuxit
1034 3229 1143 3292 ...Ie'qar't
1151 3221 1232 3276 Multi

161 3303 210 3358 oia:
222 3305 282 3357 vide
295 3308 336 3359 Vl
348 3306 415 3359 Fast.
426 3309 475 3374 334
483 3310 673 3376 sqq-Hespe·
720 3314 855 3376 stringeret
865 3311 969 3374 linquet.
979 3304 1050 3374 quod
1058 3305 1231 3358 Burmannus

160 3386 224 3434 n'eu.
234 3383 277 3435 Sic
288 3383 381 3451 vulgo,
396 3384 526 3437 l’lauudes
537 3372 674 3459 tlaeeftau-
720 3381 1230 3453 libraeiiuimputat,qui·rytlamumoma·

159 3458 242 3526 Regii
253 3459 335 3509 nostri
346 3462 468 3524 luperam
482 3462 517 3513 ita
528 3472 556 3514 et
568 3461 674 3528 plurimi
720 3461 910 3519 rint-Codex
922 3459 1020 3529 Regius
1033 3455 1138 3511 Asolus
1150 3455 1232 3504 stratu·

159 3545 217 3588 vet.
230 3543 292 3584 teste
306 3534 425 3587 Heinsio.
437 3540 668 3597 Ed-Cebrem'a,
720 3532 1155 3609 51¹1...linqur‘t.-.lleppressasu5a.
1166 3527 1229 3580 Me-

160 3612 357 3685 parsTroianae
368 3623 459 3680 terrae,
474 3615 674 3669 ubilluuiusCe·
722 3618 809 3671 diceus
821 3615 1018 3684 suspensa-tn
1033 3608 1128 3661 nostris
1144 3602 1231 3674 Regiis

161 3696 256 3745 brenr's.
265 3690 419 3743 Secundum
431 3691 675 3760 Apollodorumdu·
721 3712 863 3761 suppressa.
1135 3730 1139 3737 -

161 3772 203 3826 xit
214 3771 361 3838 Asteropcn
376 3782 435 3836 aut,
449 3781 479 3824 ut
487 3772 528 3824 alii
536 3772 672 3838 exhibent,
757 3770 810 3836 781.
819 3768 886 3821 Vide
895 3766 926 3819 ad
937 3762 1229 3835 702-Mt'lteresolalia,

165 3850 312 3917 Steropen,
324 3849 453 3902 Cebrenis
464 3849 552 3902 filiam.
723 3855 752 3897 ut
763 3851 858 3899 mr'llere
866 3846 987 3912 raserias,
1001 3841 1208 3892 muneraremur.

199 3928 348 3994 772.Cen·a.
359 3926 477 3993 Quidam
490 3926 675 3996 agna-Regii
758 3923 812 3990 783.
830 3926 937 3981 Rauca,
955 3936 1064 3971 raucum
1077 3935 1170 3971 sonum
1186 3917 1231 3969 sa-

163 4002 248 4054 noant
258 4021 339 4052 cerva.
348 4032 382 4042 —
392 4005 451 4056 Hoc
462 4014 531 4057 recte
542 4023 568 4056 se
582 4003 675 4067 habet,
724 4001 795 4056 ciens
805 4037 812 4064 ,
826 4009 854 4050 ut
865 4017 966 4050 raucum
978 4015 1020 4048 as.
1033 4022 1067 4035 -
1077 3997 1109 4048 Se
1121 3997 1190 4049 dedu
1204 4001 1231 4048 in

163 4095 229 4130 mm
241 4090 267 4131 et
280 4087 358 4139 cervi,
373 4084 485 4147 luporum
493 4084 581 4147 preda
596 4100 677 4148 rapa·
721 4089 832 4148 pontum.
840 4077 928 4146 Vulgo
937 4077 947 4142 (
953 4087 979 4129 et
988 4076 1014 4129 in
1022 4077 1116 4130 nostris
1125 4075 1231 4146 Regiis)

164 4162 232 4210 cium
241 4159 395 4228 Horath,
406 4159 460 4215 od.
472 4175 511 4228 xv,
523 4165 572 4225 50;
583 4160 609 4227 1,
623 4157 677 4213 0d.
725 4160 819 4211 decidit
828 4161 855 4210 in
862 4165 982 4224 potemur,
1000 4155 1076 4210 multi
1088 4157 1174 4210 desilit
1184 4173 1192 4204 ι
1203 4170 1231 4202 sr
