2760 4710
288 373 823 442 METAMORPHOSEON
855 376 954 443 LIB.
985 377 1077 444 XII.
1149 376 1214 461 345

154 517 310 592 Obrutus
322 516 457 590 immani
475 514 628 603 cumulo,
647 515 712 590 sub
730 515 876 617 pondere
894 517 1031 592 Canens
1117 553 1121 563 ·

151 632 289 707 AEstuat
304 630 464 718 arboreo,
482 649 706 731 congestaque
723 631 844 704 robora
861 630 953 706 duma
1168 650 1220 703 51⁵

152 748 234 821 Fert
245 746 413 820 humeris:
430 745 487 819 sed
503 746 590 819 euim
604 764 783 847 postquam
799 776 900 849 super
916 776 975 821 ora
992 763 1157 849 caputque

130 942 135 953 ,
154 863 268 938 Crevit
284 891 387 952 onus,
401 890 509 963 neque
523 860 644 950 habet,
662 891 745 963 quas
761 864 878 952 ducat,
896 864 1033 966 spiritus
1049 893 1165 955 auras,

153 978 277 1052 Deficit
293 977 459 1052 interdum
476 1009 483 1050 :
499 978 602 1052 modo
619 1007 653 1054 se
670 1008 770 1082 super
782 1008 857 1054 aera
872 980 996 1056 frustra

152 1091 284 1166 Tollere
302 1111 459 1180 conatur,
477 1093 645 1193 jactasque
663 1094 811 1169 evolvere
828 1096 945 1184 silvas3

153 1209 391 1308 Interdumque
406 1226 537 1281 movet:
553 1207 677 1296 veluti,
696 1239 795 1310 quam
813 1200 992 1300 ceruimus,
1011 1213 1100 1285 ecce!
1168 1228 1220 1280 ὕπο

154 1324 270 1399 Ardua
287 1325 317 1398 si
334 1342 427 1397 terre
441 1324 608 1424 quatiatur
622 1325 771 1399 motibus
786 1327 855 1400 lde.

153 1439 274 1515 Exitus
290 1440 326 1512 in
343 1438 446 1513 dnbio
463 1456 534 1514 est:
550 1439 606 1513 alii
622 1440 686 1514 sub
705 1440 816 1514 inania
834 1468 956 1543 corpus

153 1559 290 1632 Tartara
304 1556 473 1632 detrusum
491 1554 647 1630 silvarum
663 1555 751 1631 mole
767 1556 927 1631 serebant

154 1673 287 1747 Abuuit
303 1670 521 1772 Ampycides;
539 1670 715 1771 medioque
730 1701 769 1745 ex
785 1701 901 1770 aggere
917 1672 1016 1747 sulvis

153 1787 249 1862 Vidit
264 1815 355 1862 avem
373 1787 494 1888 pennis
509 1785 651 1888 liquidas
666 1787 753 1862 exire
770 1790 833 1862 sub
846 1818 965 1876 auras,
1168 1805 1219 1858 525

155 1906 240 2003 Quae
257 1904 339 1978 mihi
360 1921 437 1976 tunc
455 1902 617 2004 primum,
635 1920 714 1977 tunc
734 1921 783 1978 est
800 1924 977 2005 conspecta
994 1931 1195 2005 supremum.

156 2022 251 2094 Hanc
267 2019 329 2093 ubi
343 2017 539 2092 lustrantem
557 2017 623 2091 leni
641 2045 700 2091 sua
716 2036 821 2092 castra
839 2018 950 2093 volatu

155 2139 324 2238 Mopsus,
339 2153 373 2210 et
386 2135 515 2230 ingenti
530 2134 653 2207 circum
671 2133 824 2230 clangore
842 2152 1014 2208 sonantem

155 2253 338 2354 Adspexit,
354 2252 543 2353 pariterque
560 2250 666 2325 oculis
683 2251 859 2351 animoque
876 2266 1030 2325 secutus:

155 2401 174 2434 a
196 2368 230 2443 0
246 2366 347 2457 salve,
364 2368 465 2457 dixit,
483 2366 659 2467 Lapithae
676 2367 781 2463 gloria
799 2366 925 2463 gentis,
1164 2384 1216 2438 530

157 2517 177 2550 a
196 2482 341 2558 Maxime
359 2483 410 2555 vir
427 2483 615 2584 quondam,
631 2482 688 2556 sed
705 2482 772 2556 avis
786 2510 874 2554 nuuc
892 2479 1005 2566 unica,
1022 2480 1151 2552 Canen.
1169 2511 1187 2542 n

156 2600 291 2677 Credita
307 2630 359 2675 res
378 2619 509 2674 auctore
525 2629 586 2674 suo
603 2618 654 2673 est
669 2628 679 2671 t
693 2598 791 2673 dolor
808 2598 936 2673 addidit
952 2596 1051 2682 iram;

154 2718 427 2819 Oppressumque
445 2745 527 2811 agre
542 2714 679 2824 tulimus
693 2733 745 2790 tot
760 2715 802 2788 ab
818 2714 975 2787 hostibus
989 2739 1116 2785 unum:

189 2905 245 2970 514
259 2904 369 2955 Obrutus
378 2908 491 2970 cumula,·
500 2903 605 2975 plurimi
617 2943 625 2969 ,
638 2913 665 2957 et
712 2903 753 2960 sin
761 2924 768 2966 ;
777 2903 863 2971 itaque
872 2901 958 2955 verbis
966 2901 1224 2955 unimammas!

156 2980 234 3051 Regii
242 2980 297 3034 cod.
306 2986 408 3034 obrutas
419 2984 664 3044 termula-AErtaat,
713 2983 883 3036 novationem
898 3000 972 3034 snam
990 3000 1121 3034 excusasse
1140 2978 1219 3032 vide-

154 3057 233 3124 surit,
248 3059 326 3128 jactat
338 3060 464 3113 membra.
475 3089 509 3101 -
522 3063 664 3127 congestu
713 3069 764 3113 tur.
786 3057 935 3112 Commode
956 3057 1073 3111 adhibuit
1092 3057 1217 3126 Mopsum

155 3137 234 3190 multi
245 3138 476 3209 conjecta-Regii
487 3137 588 3192 codices
597 3158 664 3191 caa—
712 3148 807 3191 vatem.
819 3166 851 3177 -
864 3139 999 3190 Betrssunr
1013 3137 1096 3206 aptius
1107 3136 1221 3189 violenta

153 3218 446 3284 gesta—Ncqaehabet,
458 3235 521 3283 quas
531 3219 664 3268 ducaretc.
712 3215 740 3268 in
753 3226 854 3281 morte,
870 3234 947 3284 quam
957 3221 1060 3268 missam
1068 3234 1076 3280 ,·
1085 3212 1220 3267 Scholiast.

155 3291 231 3344 malit
243 3292 368 3344 Heinsius
378 3311 444 3359 qua,
460 3291 500 3343 vel
510 3311 558 3359 qao
570 3293 659 3353 ducat,
713 3292 834 3363 Apollon.
848 3294 876 3359 l,
890 3299 935 3362 57,
944 3297 1011 3348 Karai
1020 3305 1063 3361 γῆν
1075 3296 1141 3346 atria
1151 3293 1223 3343 ὢιιῡ·

156 3377 188 3422 ut
199 3368 240 3432 V,
253 3369 299 3437 467
310 3391 317 3432 ;
329 3386 476 3437 perperam.
713 3394 758 3424 aa.
771 3370 889 3424 Floreat.
903 3369 980 3423 habet
993 3381 1120 3422 retrusam.

190 3448 246 3500 518.
263 3448 422 3512 superacta,
440 3444 467 3496 in
483 3463 560 3510 aera,
574 3452 601 3496 et
615 3443 664 3496 hoe
746 3450 803 3500 525.
814 3449 864 3500 sua
874 3467 964 3510 auras,
979 3448 1008 3499 in
1020 3465 1102 3498 auras.

155 3524 323 3593 simpliciter,
334 3524 423 3576 tollere
433 3545 440 3587 ς
449 3522 575 3592 Virgilius
584 3561 592 3588 ,
601 3520 664 3574 AEn.
745 3528 801 3595 ⁵²7·
814 3526 975 3579 lustrantem
988 3544 1036 3576 sua
1051 3532 1151 3581 castra,
1167 3537 1220 3569 ro·-

157 3602 202 3666 tl,
216 3601 282 3671 699,
299 3619 328 3653 se
343 3605 410 3652 tollet
425 3603 463 3653 ad
472 3618 562 3662 auras,
582 3602 665 3667 surgit
711 3604 810 3658 tantem
824 3605 891 3658 circa
909 3604 1031 3675 Lapithas
1046 3601 1129 3655 socios
1145 3615 1220 3657 sunu

156 3679 191 3733 de
204 3688 293 3731 strato.
713 3699 766 3752 quo
779 3681 871 3735 melius
890 3681 992 3751 singula
1010 3676 1198 3746 circumspiciat
1211 3713 1218 3738 ,

191 3761 247 3810 520.
262 3757 307 3807 Ide
319 3755 345 3807 in
359 3766 499 3825 conspectu
510 3754 664 3809 Graecorum
711 3757 781 3811 volat
793 3762 848 3813 Ira!
857 3751 1219 3823 vatata-Clarrgorpropric

157 3832 664 3902 tumeret:hiuc,qaamcemr'aras.eccel
711 3854 792 3891 sonus
808 3835 895 3889 avium
913 3834 1066 3888 volantium.
1080 3858 1114 3873 ·-
1131 3834 1220 3886 Gloria

191 3917 247 3967 522.
265 3915 360 3966 Exitus
376 3920 404 3965 ιἰι
420 3916 494 3967 dublo
509 3913 664 3978 aminter—
708 3920 812 3986 gentes,
838 3925 869 3968 ut
887 3913 954 3983 apud
974 3913 1142 3978 Homerum,
1159 3916 1219 3980 μίγα

155 3993 257 4046 sectum
270 4012 324 4045 csse
338 3991 436 4046 Caenea
449 3991 536 4045 caeteri
548 3990 664 4044 uadunt.
711 3982 892 4059 xtdrsdxaraa.
903 3990 1028 4044 Heinsius
1037 3989 1109 4043 malit
1118 3989 1218 4061 legere:

157 4070 664 4140 AlterumfinxitiortasseOvidiusipsc,
712 4072 850 4140 lapithae
857 4072 1028 4139 glariagrate's
1036 4070 1165 4134 lanata,
1181 4075 1222 4122 ιι)

158 4149 665 4222 uthicquoquehaberetmetamorpho·
712 4151 897 4219 quosdametc.
