2760 4710
152 313 217 381 528
434 309 475 375 P.
502 306 677 377 OVIDII
701 307 940 380 NASONIS

153 450 188 524 si
206 466 311 521 tamen
327 463 376 522 est
390 444 517 548 aliquid
529 447 619 521 mirae
633 448 790 522 novitatis
807 449 844 523 in
860 451 958 538 istis,
988 492 992 499 ·

150 565 324 640 Altemare
337 565 446 654 vices,
462 583 496 639 et
511 593 584 665 quae
599 565 700 637 modo
718 565 839 638 femina
856 584 959 660 tergo

151 684 251 757 Passa
266 711 389 757 marem
408 699 475 783 est,
491 708 580 754 nunc
593 709 664 756 esse
681 709 801 754 marem
819 681 986 754 miremur
1004 681 1171 782 hyaenam.
1186 702 1230 772 41·

150 799 192 873 ld
207 828 361 901 quoque,
381 799 471 899 qnod
488 799 595 873 ventis
611 797 728 873 animal
744 799 894 871 nutritur
912 815 947 870 et
964 825 1074 886 aura,

152 912 308 987 Protinus
327 910 501 987 adsimulat
514 929 602 988 tactu
622 940 847 1014 quoscumque
866 909 1018 986 colores.

151 1031 249 1103 Victa
266 1030 456 1130 racemifero
475 1028 587 1130 lyncas
606 1028 696 1103 dedit
711 1027 805 1101 lndia
822 1027 962 1100 Baccho
978 1057 989 1099 ε

152 1147 183 1219 E
200 1144 340 1246 quibus,
360 1161 399 1216 ut
413 1161 616 1230 memorant,
633 1143 796 1243 quidquid
813 1142 923 1217 vesica
939 1143 1099 1232 remisit,

155 1261 306 1334 Vertitur
323 1259 357 1332 in
373 1257 521 1360 lapides,
538 1277 571 1333 et
588 1258 737 1355 congelat
754 1287 826 1332 aere
846 1276 949 1332 tacto.
1183 1279 1226 1348 415

155 1376 258 1448 sicet
275 1374 452 1462 curalium,
471 1403 538 1475 quo
554 1376 698 1475 primum
715 1375 855 1470 contigit
871 1403 974 1450 auras

155 1493 336 1590 Tempore,
359 1488 525 1562 durescit:
541 1489 651 1564 mollis
669 1489 733 1563 suit
750 1490 852 1563 herba
868 1490 936 1563 snb
953 1491 1077 1565 nudie

207 1636 225 1668 »
245 1603 384 1676 Deseret
400 1619 474 1675 ante
491 1602 580 1690 dies,
596 1621 630 1676 et
646 1602 681 1676 in
700 1602 766 1677 alto
786 1602 939 1676 Phoebus
956 1604 1104 1678 anhelos

155 1718 307 1818 AEquorc
326 1717 433 1808 tinget
447 1744 573 1815 equos,
590 1744 688 1816 quam
707 1743 889 1816 consequar
906 1716 1031 1791 omnia
1049 1718 1163 1806 dictis,

156 1838 197 1908 ln
214 1834 340 1933 species
357 1831 512 1907 translata
530 1861 653 1906 novas:
670 1834 717 1906 sic
735 1851 881 1933 tempore
898 1835 991 1906 verti
1185 1855 1230 1923 tn

158 1949 351 2034 Cernimus,
368 1964 467 2047 atque
487 1948 560 2021 illas
577 1948 744 2022 adsumere
759 1949 882 2023 robora
898 1968 1049 2044 gentes3

158 2063 341 2140 Concidere
356 2063 440 2137 has:
457 2064 504 2138 sic
520 2091 637 2159 magna
653 2063 719 2138 suit
731 2093 894 2166 censuque
912 2065 1095 2166 virisque,

159 2185 290 2282 Perque
304 2181 416 2254 decem
434 2180 545 2283 potuit
564 2198 692 2254 tanturn
710 2181 786 2252 <lare
802 2180 979 2274 sanguinis
997 2210 1134 2271 annor,
1229 2267 1231 2271 ¹

159 2347 266 2418 quidam
277 2345 384 2416 intellig.
395 2346 565 2398 Burmannus
576 2343 666 2398 mallet
714 2345 808 2415 tigres,
822 2363 883 2397 rnox
889 2345 1058 2415 pantheras,
1072 2365 1134 2399 mox
1144 2345 1228 2417 lynea.

150 2428 224 2495 stares
231 2427 259 2481 in
266 2446 327 2479 aras
334 2425 439 2478 mutari.
452 2424 567 2477 Laetaut.
577 2425 663 2489 enirn,
713 2423 895 2491 -Itaceme'ser,
908 2423 1061 2478 redimitus
1072 2436 1229 2492 ternponra·

159 2525 195 2560 vo.
207 2525 252 2558 raa
262 2527 269 2567 ;
278 2506 355 2573 Inque
364 2521 411 2556 ara
419 2506 544 2565 resideas,
557 2504 666 2555 Ponitur
714 2500 808 2562 remim
821 2500 890 2553 Fast.
899 2498 941 2553 Vl
952 2539 960 2564 ,
970 2501 1032 2567 483.
1040 2503 1087 2555 De
1096 2502 1230 2572 urinatyn·

158 2588 211 2637 ede
221 2603 304 2637 sacra.
714 2597 775 2630 curn
793 2578 887 2630 confer
905 2578 1053 2646 Plinium,
1078 2581 1165 2644 Vlll,
1185 2579 1229 2642 38,

192 2663 249 2728 408.
261 2662 543 2730 Se'tamca...hyaeram.
551 2659 664 2724 Plinius,
715 2660 759 2727 qui
767 2656 860 2724 tradit,
872 2677 932 2711 earn
942 2658 1055 2728 glaciari
1069 2672 1229 2713 antaresoere

160 2739 229 2793 Vlll
241 2777 249 2804 ,
262 2739 309 2791 30:
319 2737 451 2808 «Hyaenis
463 2747 601 2803 utramque
612 2755 666 2788 esse
716 2738 742 2789 in
760 2754 876 2805 gemmas
896 2735 1074 2791 carbunculis
1094 2737 1190 2791 similes
1206 2744 1230 2787 et

162 2838 175 2863 ν
188 2828 326 2880 naturam,
336 2826 362 2868 et
371 2814 476 2869 alternis
484 2814 662 2879 anuisrnares,
716 2816 792 2883 igneo
808 2813 892 2866 colore
907 2814 1066 2884 fulgentes,
1087 2814 1229 2887 lyncurium

161 2913 173 2936 ν
187 2893 294 2945 alternis
304 2892 416 2945 seminas
428 2891 499 2956 lieri,
511 2910 601 2960 parere
611 2891 667 2943 sine
715 2902 824 2945 vocatas.

160 2988 173 3014 υ
187 2986 259 3020 mare
268 3008 275 3035 ,
284 2968 472 3037 vulgusercdit.
481 2991 494 3014 ν
508 2969 551 3021 Cf.
560 2969 667 3022 Aristot.
749 2970 804 3034 415.
818 2968 963 3021 Decnralr'o
970 2968 1004 3021 cl.
1018 2970 1074 3035 lV,
1086 2972 1192 3039 yldsqq.

160 3044 229 3098 Hist.
242 3046 330 3097 Auim.
344 3048 400 3109 VI,
414 3046 462 3110 33;
475 3045 571 3098 AElian.
586 3047 615 3110 l,
627 3048 667 3099 25.
748 3047 804 3110 418.
826 3046 931 3097 Deme!
948 3054 1010 3097 aute
1030 3051 1097 3098 dics.
1117 3048 1230 3114 Vulgare

193 3125 248 3189 4¹¹·
263 3125 339 3188 Quod
346 3128 586 3176 ventakam'maletc.
598 3124 670 3178 Cha·
717 3120 808 3174 fuisset
821 3140 827 3173 :
841 3121 896 3173 dies
911 3139 954 3174 me
968 3120 1096 3189 desiciet,
1110 3123 1132 3175 si
1145 3122 1230 3174 omnia

159 3201 670 3270 maeleou,egenerelarertarum,qumn
718 3200 837 3269 persequi
861 3199 947 3252 velim.
972 3201 1100 3254 Deserere
1122 3202 1159 3254 ita
1176 3210 1230 3265 est,

160 3279 313 3349 plerumque
335 3297 381 3330 ore
402 3290 493 3345 aperto
509 3277 617 3343 sedeat,
641 3290 670 3332 ut
718 3277 796 3330 etiam
810 3278 904 3330 omisso
916 3288 947 3348 τῷ
962 3297 1021 3340 me,
1043 3279 1114 3349 apud
1130 3280 1231 3332 saltant.

160 3376 261 3410 muscas
273 3366 372 3426 raptet,
385 3361 501 3409 ventr'set
509 3375 573 3408 aum
584 3360 674 3408 nutriri
718 3357 779 3425 Jug.
799 3360 881 3423 lm-
895 3358 1042 3426 Conseqm',
1069 3360 1231 3427 exprimere,

160 3434 451 3490 crediturae-Tacta.
462 3433 529 3487 Plin.
540 3434 668 3499 v111,33‚
719 3446 749 3488 ut
763 3435 817 3488 Cic
829 3434 923 3503 Philip.
936 3435 971 3503 V,
989 3437 1037 3503 13,
1051 3443 1136 3491 uerbis
1145 3441 1234 3490 laudm

161 3511 668 3580 reddaetsemperquemcumque(colorem')
719 3517 840 3582 consequi.

155 3593 396 3658 pmxe‘meadta'ngtt,
405 3594 670 3657 preterrubrumcan-
757 3594 813 3656 4²¹·
835 3593 931 3642 Gentes
949 3601 1101 3653 wduntur,
1123 3591 1235 3645 fortuna

161 3672 299 3738 didumque.
309 3667 353 3722 Cs.
364 3668 488 3739 Antigon.
496 3669 536 3721 33,
544 3668 586 3721 De
595 3687 670 3722 eausa
719 3688 811 3721 earum
823 3679 948 3722 mutatur.
959 3670 1014 3723 Sed
1029 3683 1142 3739 tempore
1153 3673 1235 3725 debc-

162 3744 618 3817 hujusmutationisdisputantlrodie
626 3765 670 3799 ua·
718 3764 778 3800 mus
789 3746 894 3816 ingenio
904 3746 1018 3802 Heinsii.
1026 3749 1103 3802 MSS
1113 3789 1121 3815 ,
1133 3751 1236 3819 primus

163 3834 228 3879 turae
237 3828 401 3898 indagatores
410 3867 418 3892 ,
432 3847 496 3896 quos
504 3826 572 3880 ride.
720 3827 804 3879 Vatic.
813 3826 912 3895 primus
918 3825 1036 3879 Gronov.
1048 3841 1163 3897 quartus
1175 3832 1237 3884 Me·

185 3905 242 3965 413.
255 3907 358 3973 lyncas
364 3916 440 3958 terroe
446 3905 670 3975 septemtrionales
718 3905 807 3958 diceus
819 3916 846 3959 et
857 3905 948 3958 decem
960 3907 1019 3972 alii,
1031 3914 1163 3976 tempora,
1180 3928 1235 3962 nort

163 3975 252 4044 alunt,
265 4001 319 4035 non
333 3987 415 4036 ludria.
431 3985 535 4037 Verum
545 3995 629 4053 poetar
643 3993 670 4036 et
718 3981 794 4035 male.
805 3981 916 4035 Constat
927 3983 1015 4049 enim,
1027 3993 1164 4053 temperet
1173 4000 1234 4040 tct-

162 4055 274 4126 pictores
283 4059 378 4116 Bacchi
389 4063 671 4135 curruijuuguotmox
713 4082 779 4132 pora
796 4062 949 4133 eleganter,
969 4082 1037 4134 saepe
1061 4066 1143 4119 etiam
1165 4063 1232 4136 apud
