2760 4710
161 305 206 390 24
435 313 474 378 Ρ.
507 311 686 378 ovmu
720 311 947 382 unsours

158 455 263 553 Inque
280 451 380 553 pedes
396 451 502 524 abiit:
519 479 660 538 nomen,
681 452 772 551 quod
789 471 822 526 et
838 471 932 542 ante,
948 459 1113 530 remansit.
1169 481 1218 534 255

68 624 71 628 -
158 570 237 643 Non
254 586 362 641 tamen
381 568 447 640 baec
465 567 528 639 alte
546 563 689 640 volucris
706 596 765 641 sua
783 598 920 670 corpora
939 570 1042 660 tollit,

158 685 227 756 Nec
245 683 323 755 lacit
338 683 371 754 in
388 682 485 756 ramis
499 681 632 782 altoque
649 682 813 757 cacumine
832 683 929 757 nidos
943 714 950 771 ;

158 800 301 897 Propter
315 798 452 869 humum
470 795 603 883 volitat,
622 798 782 898 ponitque
800 798 834 870 in
850 800 985 898 sepibus
1003 829 1063 875 ova
1078 831 1086 889 3

144 913 363 1012 'Antiquique
380 939 506 985 memor
519 913 638 985 metuit
655 911 808 986 sublimia
823 942 926 987 casus.

205 1033 264 1102 IV.
285 1032 424 1128 Jamque
437 1027 610 1123 fatigatum
627 1028 724 1101 tellus
739 1031 866 1102 AEtnaea
884 1033 1016 1106 tenebat
1168 1057 1215 1108 260

158 1142 317 1218 Daedalon
333 1161 388 1216 :et
405 1145 522 1216 sumtis
539 1171 601 1242 pro
619 1141 767 1241 supplice
785 1142 927 1216 Cocalus
943 1149 1040 1220 armis

157 1260 253 1334 Mitis
267 1259 473 1333 habebatur:
486 1260 552 1355 jam
570 1256 779 1330 lamentabile
794 1258 933 1332 Athenae

157 1376 303 1450 Pendere
323 1376 503 1459 desierant,
521 1372 647 1446 'lhesea
664 1372 780 1461 laude,
800 1374 973 1449 tributum.

155 1589 209 1621 rara
219 1575 353 1623 anseaeral.
365 1566 555 1636 Apollodorus,
568 1573 660 1633 latres,
710 1569 796 1636 burit,
816 1588 869 1639 quo
880 1580 1019 1623 consumto
1028 1569 1164 1641 Meleager
1175 1590 1215 1625 ex-

155 1658 189 1717 μῆ
206 1653 246 1703 lui
260 1658 300 1711 τὴν
315 1652 406 1716 cientes
420 1649 486 1700 eleis
497 1646 614 1718 eriphile·
629 1664 662 1697 et
708 1650 850 1719 stinguitur
862 1674 868 1714 ;
887 1670 983 1705 sorores
997 1661 1085 1704 autem
1099 1652 1155 1719 ejus
1166 1652 1214 1704 in-

156 1746 227 1788 arce.
244 1730 286 1780 isi
297 1741 337 1785 ets
346 1727 527 1801 ὶκρπῦτωςι-
535 1724 664 1790 Prosunt
709 1729 818 1782 teritum
826 1729 934 1795 llentes,
946 1731 975 1783 in
986 1750 1044 1784 aves
1056 1733 1215 1797 meleagrides

155 1803 439 1869 Arundelianussacll,
454 1801 525 1870 quod
536 1803 660 1857 lleinsius
709 1817 854 1860 mutantur.
875 1808 972 1861 Fabula
984 1809 1043 1860 satis
1059 1808 1187 1861 celebrata
1199 1827 1213 1860 a

157 1884 276 1937 illustrat.
708 1884 875 1953 scriptoribus
886 1885 1005 1953 antiquis.
1028 1884 1135 1936 Confer.
1148 1887 1213 1939 Ho-

189 1962 243 2013 258.
257 1960 377 2024 ponitque
387 1961 416 2009 ln
423 1959 522 2022 sepibus
533 1976 587 2009 aea.
605 1957 662 2011 Pli·
708 1981 813 2030 mersis,
835 1964 864 2017 lt.
876 1965 906 2027 l,
926 1966 990 2032 529;
1015 1959 1190 2015 Callimachus
1203 2001 1211 2027 ,

155 2038 230 2101 nius,
244 2036 286 2098 X,
301 2035 349 2086 32:
365 2036 481 2087 Perdices
490 2039 565 2100 spina
574 2034 661 2100 elseu-
708 2039 800 2113 hymn.
813 2040 890 2092 Dian.
906 2037 969 2099 ιιὸς
990 2037 1137 2103 Diodorus,
1156 2040 1210 2105 lV,

153 2117 202 2166 tice
219 2117 258 2165 sic
274 2116 389 2164 anuntiant
408 2115 603 2176 receptaculum,
633 2120 663 2162 ut
709 2137 733 2185 p.
746 2121 811 2182 ²4⁰³
830 2113 1018 2184 Apollodorus,
1032 2117 1063 2180 l,
1084 2130 1157 2181 vm,
1178 2137 1210 2179 ²3

155 2192 420 2258 contrascrasalunde
428 2193 559 2252 vallentur,
571 2203 659 2261 etsqq.
709 2195 766 2259 lll,
780 2211 822 2256 rx,
837 2214 865 2256 a;
875 2193 996 2263 Hyginus
1004 2232 1011 2257 ,
1019 2194 1069 2246 sab.
1080 2197 1210 2264 ¹7¹·17li

154 2271 348 2339 -Aatr'quique‚
362 2280 409 2322 etc
416 2269 513 2332 Similis
519 2271 659 2336 sententia,
709 2269 863 2334 Pausanias,
878 2269 971 2322 Arcad.
984 2291 1007 2338 p.
1020 2271 1085 2340 bqr,
1098 2271 1213 2324 unioni-

157 2350 201 2415 11,
215 2351 270 2419 378.
708 2366 772 2411 nus,
789 2367 820 2412 a,
835 2365 866 2398 ex
877 2346 1018 2400 Nicandro.
1032 2347 1120 2400 Etiam
1136 2348 1212 2402 Phe-

187 2429 313 2493 aso-545.
329 2430 438 2490 OEueus,
458 2428 614 2482 Parthaonis
626 2427 660 2479 fi·
707 2423 816 2494 recydes
827 2434 854 2475 et
873 2423 1027 2492 Euphorion
1042 2438 1212 2480 narraverant

152 2499 219 2571 lius,
233 2506 336 2559 AEsotie
348 2525 407 2572 rer,
419 2507 492 2571 cuius
501 2506 562 2557 urbs
575 2506 658 2572 Caly·
706 2501 835 2567 fabulam,
850 2512 906 2554 turn
921 2502 1059 2572 Euripides
1071 2504 1099 2555 in
1112 2503 1211 2558 Melea·

154 2589 218 2644 dan,
234 2605 315 2653 quum
325 2584 417 2636 Dianae
424 2584 523 2635 cultum
535 2581 660 2650 neglexis-
707 2595 753 2644 gro
766 2587 935 2645 tractaverat,
950 2579 1020 2632 unde
1029 2599 1082 2632 non
1094 2581 1142 2634 nisi
1150 2600 1210 2650 pau·

154 2672 210 2725 set,
232 2661 274 2713 illa
287 2661 362 2713 terris
380 2661 435 2725 ejus
454 2668 555 2710 vastum
572 2676 658 2724 aprum
705 2673 735 2706 ca
746 2655 892 2723 fragmenta
901 2669 1124 2726 supersunt,quae
1132 2659 1211 2713 hahes

152 2737 277 2802 immisit,
291 2737 335 2804 qui
351 2745 450 2804 segetes
461 2744 571 2786 vastaret
583 2772 590 2798 ‚
602 2731 658 2802 'pe-
706 2731 734 2783 in
747 2733 886 2787 Vallrenar.
899 2734 983 2786 Diatr.
992 2755 1015 2804 p.
1028 2736 1132 2803 137sqq.
1143 2735 1210 2788 Eam

151 2814 281 2881 cudesque
299 2811 446 2865 trucidaret.
470 2809 512 2862 Ad
531 2829 593 2862 eum
615 2811 658 2864 in·
705 2808 819 2862 fabulam
830 2811 936 2864 latinam
950 2813 1046 2864 lecerat
1063 2812 1157 2864 Attius.
1178 2813 1210 2864 ln

152 2889 335 2944 terlrciendum
347 2899 539 2940 concurrerunt
547 2908 577 2940 eu
588 2889 658 2941 rnul-
705 2888 789 2957 prima
801 2889 884 2961 mythi
902 2900 976 2959 parte
994 2907 1074 2955 usque
1093 2887 1127 2939 ad
1144 2907 1210 2939 ver-

152 2965 297 3018 tisGraecioe
303 2964 448 3017 civitatibus
457 2964 506 3016 viri
514 2965 656 3031 fortissimi,
704 2984 763 3017 sum
775 2968 840 3032 300,
854 2968 951 3020 Noster
961 2967 1110 3018 Homerum
1121 2965 1210 3031 sequi-

150 3042 280 3110 inquibus
290 3054 345 3094 erat
352 3042 431 3094 etiam
441 3045 575 3102 Atalanta,
584 3044 657 3113 virgo
705 3052 758 3108 tur,
766 3044 913 3111 etsingula,
923 3060 981 3111 quae
988 3043 1029 3094 ille
1036 3042 1149 3094 breviter
1157 3060 1209 3100 me·

153 3120 292 3185 Arcadica,
307 3122 380 3190 cujus
392 3139 482 3173 amore
490 3121 551 3173 arsit
560 3123 657 3174 Melea·
705 3134 791 3175 morat
799 3162 807 3189 ,
819 3141 867 3175 suo
879 3121 959 3173 modo
972 3129 1086 3173 exornat.
1103 3119 1210 3175 Transit

149 3218 207 3268 gae,
227 3197 308 3250 OEnei
328 3197 403 3249 filius.
422 3198 485 3250 Post
503 3198 656 3251 acerrimam
704 3213 792 3256 autem
803 3201 836 3253 ad
847 3220 901 3269 sqq.
914 3219 961 3268 per
977 3201 1210 3253 Theser'laudes.-

152 3293 267 3346 pugnam
280 3293 341 3343 aper
353 3273 510 3327 interficitur
521 3294 535 3326 a
550 3274 656 3327 Melea·
704 3280 822 3344 Jarnque.
831 3316 837 3327 .
846 3314 852 3326 .
861 3278 1014 3328 labebatur.
1028 3275 1095 3328 Vide
1107 3275 1140 3328 ad
1149 3297 1210 3330 ver-

152 3372 215 3425 gro,
226 3352 271 3424 qui
280 3357 384 3405 exueras
392 3361 418 3403 et
431 3355 515 3404 dentes
527 3351 657 3405 Atalantae
703 3374 762 3408 surn
779 3356 832 3408 183.
845 3380 877 3393 -
891 3359 1034 3420 Fatr'gatura
1052 3355 1092 3407 vel
1104 3356 1208 3422 volatu,

152 3434 251 3498 donat,
270 3450 327 3501 quoe
342 3433 426 3500 prima
437 3451 531 3500 aprum
543 3433 659 3486 violare·
703 3432 744 3484 vel
757 3432 827 3485 luctu
840 3441 867 3484 et
876 3431 1016 3496 erumnis,
1034 3442 1064 3483 ut
1076 3433 1127 3498 1V,
1141 3434 1207 3498 563,

151 3521 199 3564 rat
209 3513 327 3572 Altlea,
344 3520 428 3562 mater
438 3509 580 3579 Meleagri,
591 3509 657 3562 duos
705 3507 822 3562 Cadmus
831 3513 899 3562 lucla
910 3513 1017 3577 serieque
1026 3513 1146 3561 aralorun
1154 3513 1211 3560 ure-

152 3587 261 3642 habebat
270 3591 371 3654 fratres,
378 3590 524 3654 Plexippum
530 3591 655 3649 etl'aaeea,
702 3600 753 3643 tas.
766 3617 799 3630 -
816 3591 904 3642 Amat
921 3600 1012 3643 contra
1027 3590 1141 3653 Minoa,
1164 3587 1209 3655 qui

152 3667 196 3734 qui
204 3669 335 3722 venationi
347 3668 527 3720 interfuerant
539 3666 560 3719 ti
574 3685 656 3735 quum
705 3665 842 3720 Daedalum
854 3667 901 3720 sibi
914 3667 1120 3737 deposcebat-
1136 3668 1209 3718 Malas

152 3740 248 3793 invidia
257 3746 317 3797 tacti
327 3744 454 3797 Atalantae
463 3741 657 3812 eriperentric-
704 3747 851 3808 halebatur,
867 3745 1093 3800 commiseratione
1108 3743 1208 3796 Daedali

150 3815 226 3868 toriae
234 3816 319 3884 signa,
331 3821 467 3890 Meleager
475 3818 656 3873 eosinterticit.
704 3830 786 3876 tactus
799 3841 861 3875 eum
878 3824 906 3875 in
927 3823 1036 3876 tutelam
1054 3833 1207 3890 receperat:

153 3896 190 3948 At
202 3904 299 3959 mater,
314 3910 341 3951 ut
352 3901 463 3953 fratrum
474 3898 572 3953 caedem
585 3898 657 3951 acci-
704 3902 842 3953 halebatur
852 3920 900 3970 pro
909 3901 1007 3970 vulgari
1020 3939 1028 3965 ,
1044 3910 1107 3951 erat.

150 3971 657 4046 pit,saeptumtanatem,inquovitaMe·
736 3977 792 4030 263.
808 3981 907 4039 laude,
926 3979 1022 4032 virtute
1040 3977 1135 4030 Thesei
1152 3977 1208 4044 glo-

151 4045 231 4117 leagri
241 4046 443 4117 continebatur,
460 4053 573 4108 {lammis
583 4071 657 4108 com·
704 4053 779 4109 riosa.
792 4056 823 4110 ln
832 4056 1015 4125 antiquissimis
1028 4054 1156 4119 donariis,
1168 4053 1208 4106 lae-
