2760 4710
318 318 837 392 METAMORPHOSEON
863 324 960 391 LIB.
992 327 1062 393 IX.
1162 327 1222 414 145

151 504 175 537 n
193 473 265 544 Nee
282 495 412 541 vaccam
429 491 552 551 raecae,
571 493 631 538 nec
649 494 750 565 equas
764 495 856 539 amor
870 467 939 540 urit
954 496 1123 569 equarum.
1175 494 1226 565 730

154 620 178 653 κ
199 585 279 659 Urit
295 612 371 658 oves
387 583 492 665 aries:
512 583 663 682 sequitur
679 611 737 655 sua
754 582 874 657 femina
886 612 1027 658 cerrum.

158 736 180 768 »ι
201 702 257 774 Sic
274 718 308 775 et
320 728 394 774 ares
410 715 553 785 eoennt3
571 698 723 797 interque
740 697 889 771 animalia
908 719 1026 776 cuncta

159 850 181 884 »
200 817 333 892 Femina
347 802 490 888 femineo
506 831 658 913 correpta
672 814 828 913 cupidine
846 814 937 888 nulla
953 836 1011 890 est.

160 967 182 999 »
202 930 327 1007 Vellent
342 928 435 1004 nulla
453 929 575 1000 sorem!
593 957 633 1002 ne
650 957 717 1002 non
738 947 844 1003 tamen
859 931 968 1006 omnia
985 934 1081 1008 Crete

161 1081 181 1114 »
202 1050 355 1122 Monstra
372 1044 475 1131 serat3
497 1061 627 1117 taurum
646 1044 762 1117 dilexit
778 1044 845 1118 filia
863 1045 971 1133 Solis,
1177 1073 1225 1143 7³5

160 1200 179 1232 »
196 1164 328 1241 Femina
345 1169 465 1262 neinpe
482 1189 603 1233 marem
622 1191 629 1233 :
648 1189 740 1234 meus
759 1180 808 1235 est
825 1162 982 1237 furiosior
997 1163 1074 1254 illo,

160 1315 179 1347 n
199 1281 234 1354 Si
250 1308 366 1354 verum
383 1277 598 1378 profitemur,
615 1306 728 1350 amor:
747 1295 855 1350 tamen
871 1277 927 1351 illa
945 1297 1057 1353 secuta
1073 1297 1123 1354 est

161 1431 180 1463 o
200 1398 300 1498 Spem
315 1394 481 1482 Veneris3
501 1411 609 1467 tamen
626 1392 681 1467 illa
699 1393 803 1484 dolis,
823 1413 856 1467 et
873 1395 1014 1490 imagine
1029 1425 1132 1470 varra

161 1551 181 1585 ο
201 1519 304 1593 Passa
318 1518 440 1593 bovem
456 1534 526 1604 est;
545 1533 579 1589 et
597 1534 681 1602 erat,
701 1517 758 1617 qui
777 1517 999 1617 deciperetur,
1019 1519 1156 1594 adulter.

162 1675 181 1707 »
202 1643 280 1714 Huc
296 1639 373 1715 lieet
387 1669 405 1713 e
423 1656 494 1712 toto
512 1636 659 1712 sollertia
676 1638 819 1714 conlluat
834 1641 931 1728 orbe,
1176 1663 1226 1735 74⁰

165 1799 183 1830 »
202 1767 280 1867 Ipse
294 1763 373 1839 lieet
387 1763 509 1838 revolet
525 1763 641 1836 ceratis
660 1762 814 1838 Daedalus
830 1764 908 1850 alis,

164 1921 183 1955 s>
204 1887 301 1985 Quid
316 1886 438 1961 saciet?
451 1916 531 1960 num
547 1916 598 1960 me
614 1915 753 1987 puerum
771 1886 811 1960 de
828 1887 954 1982 virgine
972 1886 1080 1962 doctis

163 2044 182 2077 o
201 2010 347 2085 Artibus
361 2008 502 2083 efficiet?
517 2038 599 2082 num
616 2026 649 2080 te
665 2008 825 2096 mutabit,
842 2009 987 2081 lantbe?

195 2217 254 2287 730.
272 2216 440 2268 Meuaccam
451 2230 543 2264 vacce.
558 2210 670 2280 Magni-
753 2210 807 2278 737.
823 2211 901 2276 Sequi·
904 2247 982 2264 .....
992 2230 1059 2277 spem
1078 2215 1227 2282 exquisitius

161 2295 285 2350 tudinem
294 2302 321 2346 et
328 2291 496 2346 acerbitatem
507 2288 567 2340 mali
576 2290 615 2341 sui
627 2287 671 2341 de·
719 2306 815 2357 quam,
829 2287 924 2339 habere
932 2306 1013 2355 spem.
1021 2317 1054 2328 -
1062 2293 1145 2345 Dole's.
1154 2294 1229 2346 Pasi-

158 2374 242 2428 clarat
250 2412 258 2438 ,
267 2371 381 2441 priunum
390 2388 439 2438 per
445 2367 671 2435 comparationem
718 2366 804 2435 pbaen
817 2366 943 2418 inclusam
955 2385 1030 2418 vacca
1042 2368 1127 2435 lignea
1140 2389 1228 2423 occur·

159 2464 213 2508 sam
224 2470 288 2506 cum
300 2448 456 2504 animalibus
473 2446 571 2510 brutis,
591 2464 670 2514 quam
718 2446 782 2498 risse
794 2444 854 2497 bovi
868 2443 960 2496 volunt
971 2444 1128 2514 Mytbologi.
1140 2450 1230 2498 Ed.-

157 2550 218 2586 enm
230 2528 388 2584 mulieribus
399 2523 512 2577 nefariis.
527 2522 623 2576 Melius
633 2534 671 2576 ta·
718 2526 757 2577 E!
764 2527 880 2590 einagr'ne.
893 2523 970 2576 Unus
979 2533 1005 2574 et
1013 2523 1095 2574 nostri
1105 2523 1194 2593 Regii,
1203 2530 1231 2576 r'n

159 2628 238 2676 nen,
250 2618 331 2679 puto,
340 2605 397 2658 bsac
405 2602 565 2670 comparatio
572 2613 670 2656 resecta
718 2608 842 2671 imagine,
852 2601 897 2655 sed
907 2602 984 2655 malo.
992 2630 1025 2640 -
1035 2603 1064 2655 ln
1069 2602 1168 2671 tellige,
1183 2603 1230 2656 in—

160 2699 232 2744 esset.
242 2689 297 2740 Nec
306 2703 415 2738 uaccam
426 2691 474 2734 etc.
488 2679 566 2733 Conl.
578 2681 669 2734 Amor.
720 2682 790 2735 elusa
798 2681 826 2734 in
837 2682 1076 2751 imagine-Passa
1084 2690 1124 2733 es!
1134 2687 1225 2739 bouem.

161 2768 195 2834 l,
210 2784 246 2833 x,
260 2784 313 2833 ²7³
332 2764 392 2816 Art.
406 2762 492 2814 Amat.
508 2759 534 2811 ll
548 2799 555 2824 ,
570 2760 625 2826 481.
638 2788 671 2799 -
719 2760 1157 2820 concubuitcnmbovo-Adulter,
1170 2771 1231 2813 tnu-

164 2848 272 2900 ἂηιι.
287 2841 396 2895 Tbuan.
410 2839 542 2891 Junianus
556 2848 582 2889 et
598 2836 670 2889 duo-
719 2860 778 2904 rus;
794 2839 904 2893 lleroid.
917 2841 975 2906 lv,
989 2844 1035 2911 57,
1049 2843 1178 2908 Pasrphae
1188 2847 1229 2895 de·

160 2922 248 2979 decim
266 2920 477 2975 ultimarum-
493 2916 568 2985 Regii
588 2916 670 2969 nostri
718 2930 790 2989 cepto
805 2924 908 2973 subdita
923 2931 1002 2973 tauro.
1023 2921 1153 2990 Expressit
1166 2941 1230 2976 nos-

161 3019 267 3055 cemus.
720 3008 791 3051 trum
799 2999 885 3051 lorum
898 2997 1013 3065 Seneca,
1025 3001 1106 3069 Hipp.
1119 3005 1227 3072 115sqq.

197 3078 255 3146 734
271 3078 363 3129 Vellem
374 3077 446 3126 nulla
451 3072 540 3138 sorem.
553 3073 672 3125 Mortem
754 3079 809 3146 740.
823 3079 882 3129 Huc
892 3080 952 3128 licet
963 3097 978 3130 e
988 3086 1048 3130 toto.
1062 3078 1149 3132 Nemo
1165 3101 1229 3134 me-

163 3153 214 3209 sibi
224 3154 381 3222 imprecatur
393 3173 399 3205 :
411 3171 477 3221 saepe
490 3151 558 3220 apud
570 3151 673 3205 Teren·
721 3153 777 3208 deri
790 3173 851 3206 meo
867 3154 936 3205 malo
949 3165 1041 3222 potest.
1061 3155 1114 3209 Sed
1129 3158 1230 3227 singula

163 3234 238 3290 titum
256 3235 339 3284 sullas
352 3252 421 3293 snm,
444 3231 537 3295 idest,
557 3232 628 3301 perii.
640 3257 673 3272 -
722 3232 799 3302 hujus
810 3232 938 3301 soliloquii
956 3246 1110 3303 argumenta
1128 3237 1163 3290 ita
1179 3256 1230 3291 co-

164 3314 243 3366 Crete
256 3319 366 3362 ποιοίη
374 3308 451 3375 serat
470 3310 549 3361 Multi
563 3309 673 3363 Codices
721 3309 839 3376 herent,
855 3322 883 3363 ut
896 3311 1008 3364 alterum
1020 3333 1050 3365 er
1065 3315 1147 3367 altero
1157 3313 1230 3366 fluat.

149 3388 270 3457 seram
287 3386 348 3440 binc
364 3388 547 3448 Burmannus,
569 3389 591 3440 si
610 3386 673 3455 quid
721 3388 792 3442 Talis
806 3400 893 3442 autem
906 3391 1029 3444 transitus
1042 3392 1073 3444 ab
1085 3411 1140 3443 uno
1151 3390 1182 3443 ad
1193 3390 1232 3442 al-

158 3464 328 3522 mutandum
337 3466 383 3531 sit,
396 3465 486 3518 suadet
501 3470 583 3519 Cretes
591 3485 674 3518 mons·
723 3477 808 3520 terum
823 3468 1026 3521 commendatur
1040 3471 1071 3521 ab
1090 3470 1152 3521 artis
1167 3487 1231 3518 ma-

157 3543 303 3613 tulerant.
310 3542 484 3596 Muttacrera
491 3553 603 3596 monstra
609 3546 674 3595 tulit.
723 3547 966 3615 gistris-Sbllerlia
979 3547 1097 3599 rernitur
1110 3547 1136 3596 in
1150 3563 1232 3611 repe-

158 3622 262 3691 Pomp.
270 3620 358 3687 Mela,
370 3622 413 3686 ll,
427 3642 453 3690 7,
465 3620 675 3686 (Internuln'ssa-
723 3622 821 3676 riendis
834 3625 1000 3677 remediis-
1009 3621 1158 3674 Commode
1172 3625 1232 3672 lle-

160 3703 291 3766 m'aemlt
299 3698 419 3765 saturn,
434 3701 540 3748 adt'enlu
553 3701 670 3761 burm·
723 3704 797 3752 datas
813 3701 853 3754 bic
864 3711 1104 3762 commemoratur,
1119 3716 1172 3749 non
1183 3718 1232 3750 so-

161 3778 611 3845 Pass'pdaesvetAriadnaeamoribus,
624 3776 676 3825 illi·
723 3778 797 3843 lurn,
812 3781 974 3847 quiadocn's.
986 3776 1082 3828 seilicet
1093 3775 1232 3842 ingeniosis

162 3853 494 3922 madledtatcsatoquc.
507 3856 677 3918 Dedaliope-
725 3861 819 3908 arte'bns
835 3859 1008 3915 inetur-uerat,
1027 3872 1119 3904 verum
1135 3855 1231 3926 etiam,

164 3931 586 3999 ribssethaeete.—dolr'sfilrn‚
605 3931 678 3982 Pasi-
725 3937 785 4002 quia
803 3937 871 3986 iuter
886 3932 1026 3983 Cretenses
1041 3943 1156 3985 versatus
1168 3946 1231 3989 erat.

164 4014 251 4084 plum
278 4010 313 4064 de
334 4013 409 4079 cujus
428 4010 561 4064 horrendo
580 4009 678 4080 llagitio
726 4011 826 4063 Earum
847 4009 942 4060 artium
962 4017 1062 4075 partem
1085 4025 1231 4080 memorat,

163 4088 367 4154 sidgsdvlll,
381 4091 434 4147 132.
728 4105 810 4156 quum
822 4087 900 4153 dicit,
912 4089 1231 4146 licetrevotctceratisalu.

261 4190 334 4262 IV·
1059 4213 1096 4255 ro
