2760 4710
102 348 104 354 *
152 387 197 457 56
332 416 334 421 ·
433 394 473 459 r.
498 393 677 462 ovmrr
698 338 938 465 uusours'

151 529 311 605 Vestibus
327 531 417 607 hunc
434 532 559 621 velant,
582 562 664 635 quas
679 563 750 608 non
763 535 828 608 nisi
844 554 991 637 tempore
1005 534 1090 611 festo

152 649 305 720 Sternere
323 666 541 736 consuerant3
560 649 618 723 sed
634 668 667 722 et
679 650 748 725 brec
765 651 905 753 vilisque
920 670 1079 753 vetusque

153 765 264 839 Vestis
280 783 366 851 erat,
384 764 470 838 lecto
488 795 558 839 non
574 766 774 863 indignanda
791 767 927 862 saligno.

152 880 351 955 Adcubuere
369 884 431 955 Dei
447 913 455 956 ε
471 912 615 957 mensam
634 883 800 956 succincta
815 900 1023 985 tremensque
1165 904 1216 958 660

152 995 254 1069 Ponit
269 1022 369 1085 anus;
388 1026 508 1072 mensae
525 998 584 1072 sed
599 1018 668 1073 erat
683 1025 743 1099 pes
760 999 877 1072 tertius
894 999 1020 1100 impar;

154 1121 252 1193 Testa
268 1148 380 1221 parem
397 1121 476 1194 lecit
489 1151 496 1194 :
511 1149 584 1222 qnae
599 1138 777 1221 postquam
794 1121 928 1193 subdita
945 1121 1066 1196 clivum

156 1240 317 1330 Sustulit,
335 1260 494 1344 aequntnm
511 1259 628 1315 meutae
645 1259 765 1315 tersere
782 1240 933 1317 virentes.

155 1365 298 1441 Ponitur
313 1367 369 1441 bic
386 1365 518 1441 bicolor
533 1365 667 1439 sinccrae
683 1365 783 1439 bacca
799 1365 973 1454 Minerrae,

155 1583 200 1639 des
208 1584 337 1639 baberent
345 1585 579 1638 eburneos-Post
589 1583 661 1638 bunc
708 1582 798 1652 epulas
804 1602 853 1637 suo
862 1581 943 1636 modo
950 1593 1027 1654 poeta
1038 1583 1172 1651 instruxit,
1181 1585 1217 1640 ita

155 1684 260 1718 versum
272 1664 338 1729 656,
352 1662 428 1714 multi
441 1663 576 1728 inserunt,
594 1664 661 1714 Corr-
709 1663 816 1732 quidem
825 1703 833 1729 ,
843 1675 873 1717 ut
880 1663 1033 1735 frugalitatis
1044 1675 1072 1717 et
1082 1665 1182 1718 eximio
1190 1665 1218 1718 li·

154 1746 296 1808 curruntque
306 1742 316 1805 (
325 1749 369 1791 aut
375 1747 594 1806 consumuntque,
604 1758 661 1792 corr·
708 1744 848 1797 beralitstis
859 1744 1010 1799 societatem
1022 1744 1049 1796 in
1063 1744 1103 1797 his
1112 1744 1218 1797 senibus

151 1824 314 1886 stiluurrtque,
327 1814 527 1886 conficiuntque)
539 1827 618 1870 torum
630 1821 662 1870 de
709 1822 914 1875 commendaret
935 1822 1036 1875 Multos
1052 1820 1134 1890 igitur
1147 1823 1219 1876 cibos

152 1894 662 1962 mollrflumim'sulrefluncversumnon
711 1901 834 1968 apponit,
849 1899 894 1952 sed
910 1899 1024 1952 inemtos
1038 1918 1146 1958 omnes.
1165 1918 1218 1952 eo-

155 1982 298 2042 agnoscunt
308 1981 378 2024 recte
390 1972 472 2024 nostri
486 1972 568 2041 liegii.
579 1975 628 2025 Ed.
710 1995 822 2046 rumque
835 1977 926 2030 missus
936 1977 997 2030 sncit
1010 1978 1220 2030 tres-Sincera

185 2050 242 2118 657.
260 2053 387 2108 Vestibus,
405 2051 663 2122 ungulis-Velare
710 2055 825 2106 Mem
841 2073 900 2122 quse
911 2054 958 2118 sit,
975 2053 1128 2123 disputatur.
1144 2052 1220 2107 Cris·

155 2129 273 2182 solemne
283 2129 310 2182 iu
324 2128 372 2182 buc
383 2149 419 2183 re.
427 2157 461 2170 ·-
471 2133 542 2194 Quas
552 2149 601 2183 rore
613 2139 661 2182 etc
709 2131 787 2199 pinus
798 2131 1001 2200 interpretatur,
1014 2141 1118 2184 castam,
1130 2132 1219 2184 Hein-

156 2208 235 2261 'l'rist
245 2208 281 2274 V,
292 2225 320 2274 u,
335 2230 359 2277 7,
371 2229 424 2276 que
434 2214 513 2263 seme!
520 2219 573 2263 toto
584 2215 663 2262 vesus
709 2209 761 2262 sius
770 2209 874 2261 buccam
887 2219 1038 2275 recentem,
1048 2218 1075 2262 et
1082 2208 1156 2261 nullo
1164 2209 1217 2263 sele

154 2287 543 2353 sumrrnrannortituttn,11,
554 2294 663 2358 7,ues!r's
711 2299 756 2341 aut
775 2289 861 2341 muria
879 2287 1031 2351 conditam
1056 2306 1119 2341 nem
1138 2288 1219 2341 etium

155 2370 312 2429 seposita-
326 2368 414 2426 Velm,
428 2366 550 2420 obsoleta.
562 2369 662 2419 -Norr
711 2363 780 2435 apud
793 2363 986 2431 Columellam,
998 2365 1038 2418 xl
1044 2403 1056 2432 ,
1070 2368 1119 2431 50,
1133 2371 1218 2418 sorce-

153 2446 326 2516 ruderarium
338 2463 406 2497 unus
415 2443 536 2508 Cioseni,
548 2443 662 2512 Capram
710 2462 763 2493 mur
774 2453 802 2495 et
812 2446 880 2511 quod
887 2447 967 2496 salem
978 2446 1084 2510 recepit,
1103 2442 1150 2495 sibi
1164 2454 1220 2512 op-

156 2521 314 2582 Vatirsnus.
326 2522 451 2577 Cantabr.
461 2523 600 2588 secundus,
609 2534 664 2576 ter·
711 2521 782 2589 poni.
791 2522 962 2576 Burmannus
969 2522 1102 2592 intelligit,
1112 2541 1167 2575 non
1176 2521 1221 2575 lsr-

155 2599 205 2654 tius
217 2602 348 2654 Palatinus
360 2612 386 2654 et
398 2601 489 2654 decem
497 2601 538 2653 alii
546 2640 553 2665 ,
561 2605 663 2655 sednon
710 2619 782 2665 snm,
796 2601 991 2670 incorruptam
1003 2619 1066 2653 nam
1078 2599 1147 2669 apud
1155 2601 1220 2654 Nos·

155 2682 268 2746 r'rrdr'gma.
275 2679 380 2732 Primus
388 2677 548 2731 Gronovian.
557 2689 584 2731 et
595 2699 663 2734 unus
711 2688 784 2731 trum
796 2680 821 2733 in
837 2680 909 2732 Nuce
922 2696 998 2732 versu
1011 2699 1041 2730 22
1052 2718 1059 2743 ,
1077 2697 1131 2731 esse
1140 2718 1148 2745 ,
1158 2683 1222 2731 laser

157 2754 276 2818 Heinsii,
288 2764 370 2805 tamen
382 2755 454 2805 haud
461 2758 573 2820 r'udr'grra.
587 2755 663 2826 Regii
711 2760 807 2819 ὃσα-0,·
817 2754 917 2825 etapud
928 2756 1102 2821 Suetonium,
1114 2755 1142 2808 iu
1151 2756 1220 2825 Aug.

156 2830 239 2882 nostri
252 2830 349 2881 habent
360 2830 498 2898 vulgatam.
509 2860 542 2872 -
549 2835 605 2886 Nor
616 2839 663 2886 r'rr-
712 2835 759 2899 40,
768 2837 890 2886 sr'rreemm
899 2832 1041 2900 opponitur
1048 2839 1168 2896 corrupto.
1178 2831 1222 2884 lu·

155 2910 304 2972 dr'grraada,
331 2925 390 2974 qut
415 2926 469 2960 non
487 2907 597 2964 babebat
615 2929 663 2964 cur
711 2910 816 2963 rebitur
833 2910 861 2960 in
880 2927 943 2961 eum
958 2906 1122 2960 Schiracbius
1141 2906 1219 2973 ideo,

156 2983 225 3036 lecto
242 2982 438 3052 indignaretur,
453 2986 477 3039 ei
495 2989 663 3043 conveniens.
712 2987 782 3056 quod
807 2985 839 3038 de
860 2985 937 3038 bacca
957 2984 1144 3051 interpretatus
1164 2983 1219 3053 sit,

159 3062 243 3115 Aliter
254 3062 323 3130 apud
337 3064 493 3134 Virgilium,
513 3066 619 3119 AEneid.
632 3068 662 3134 Ι,
712 3062 782 3132 quod
791 3060 902 3115 Ovidius
914 3060 945 3112 ad
960 3060 1110 3111 Minervam
1122 3061 1222 3114 retule-

154 3139 220 3211 697,
237 3143 326 3192 auleis
335 3141 394 3208 jam
409 3162 440 3195 se
453 3149 540 3210 regina
551 3149 664 3211 superbis
711 3142 754 3194 rit.
767 3140 824 3207 lpse
836 3156 897 3191 cum
909 3136 1029 3189 Gesnero
1040 3137 1068 3189 in
1081 3136 1221 3192 Thesauro

156 3216 242 3267 Aurea
254 3222 506 3285 composur'tsponda.
712 3215 832 3283 intelligit
849 3214 978 3282 integram
1002 3213 1161 3266 Minervam.
1184 3215 1221 3269 At

186 3291 243 3345 660.
256 3294 406 3352 Succr'aecra.
425 3295 542 3364 adeoque
558 3294 663 3359 sedulas
712 3292 775 3361 quid
786 3303 824 3345 est
833 3291 935 3361 integra
943 3291 1087 3345 Minerva?
1101 3292 1150 3345 boc
1163 3309 1222 3345 am-

155 3371 213 3437 lX,
227 3374 268 3443 [lq
278 3372 372 3426 Horat.
384 3374 438 3426 Set.
449 3375 476 3427 ll
485 3413 492 3440 ,
502 3391 549 3441 vt,
566 3394 621 3443 ιο7,
630 3373 663 3426 de
712 3371 779 3441 plius
800 3380 857 3423 erat
877 3369 1067 3439 explicandum.
1088 3370 1221 3440 Equidem

153 3469 230 3503 mure
241 3451 359 3517 urbano,
371 3455 451 3503 ueluti
456 3459 599 3505 succinctus
606 3469 665 3503 cse-
713 3447 845 3514 arbitror,
868 3457 973 3517 poetam
993 3467 1048 3501 non
1068 3449 1222 3500 Minervam

152 3535 217 3582 sitae
225 3531 322 3595 hospes.
331 3555 365 3568 ·-
374 3531 461 3596 Trr'pes
472 3547 559 3580 mensa
570 3527 663 3580 eratin
712 3526 799 3579 Deam
810 3526 915 3580 laudare
922 3527 1047 3594 voluisse,
1059 3526 1104 3580 sed
1114 3527 1222 3579 boream

157 3607 315 3674 supellectile
321 3607 507 3676 pauperiorum
514 3605 664 3671 bominum,
713 3607 857 3675 adpositum
871 3606 1034 3674 describere,
1047 3617 1075 3660 et
1085 3601 1222 3673 retulisse,

153 3683 247 3738 Horat.
259 3687 315 3740 Sat.
327 3688 420 3751 l,111,
439 3687 482 3752 13,
497 3685 541 3737 ubi
549 3682 608 3737 ride
619 3684 664 3737 lu·
713 3707 788 3741 more
810 3689 893 3758 poetis
911 3699 1056 3753 consueto,
1076 3685 1108 3739 ad
1131 3686 1221 3752 illam,

155 3765 447 3828 temutes-Sustulit,
461 3759 664 3828 inequalitatem
714 3766 785 3834 quod
794 3777 850 3820 erat
859 3765 1029 3819 referendum
1039 3764 1071 3816 ad
1083 3764 1160 3817 bunc.
1169 3762 1223 3816 Cu·

154 3837 272 3904 abstulit,
281 3847 344 3908 pedi
352 3843 480 3897 submisse
493 3849 565 3893 teste.
573 3842 622 3892 Ed.
632 3868 665 3882 ·-
713 3845 911 3914 pioigiturcum
920 3844 1030 3897 Heinsio
1039 3842 1071 3895 de
1079 3842 1157 3896 bacca
1165 3861 1222 3896 non

156 3914 315 3987 Plerumque
321 3922 428 3992 spongia
435 3921 500 3989 tergi
507 3919 664 3974 mensssole·
713 3921 833 3983 condita;
846 3938 908 3972 nam
918 3938 979 3972 mox
990 3929 1161 3989 opponuntur
1171 3937 1225 3971 cor·

154 3993 207 4057 bat,
218 4015 290 4050 nunc
297 4013 386 4059 merra.
397 4001 428 4053 de
439 4019 489 4069 qua
496 3999 555 4052 vide
565 3999 600 4064 Χ,
609 4017 665 4071 7²9·
713 4002 865 4050 recondita.
875 3999 1024 4057 -Porrr‘trrr,
1040 3995 1224 4065 adponitur.-

154 4074 304 4133 -rersem
321 4076 413 4129 Codex
422 4079 461 4143 Δ,
473 4087 600 4129 extersere.
614 4074 664 4128 Ed.
712 4077 830 4136 Brkoler,
846 4074 935 4128 viridis
946 4085 973 4127 et
984 4075 1066 4144 nigra.
1075 4100 1109 4113 ·-
1122 4074 1222 4136 Coma,

181 4149 236 4216 664
254 4154 361 4206 Ponetur
369 4157 412 4207 Me
428 4157 586 4209 timarete.
605 4155 662 4209 llas
714 4169 865 4223 quenquam
876 4152 1033 4224 lepidumst
1049 4152 1077 4208 in
1089 4151 1162 4206 rictu
1172 4151 1224 4206 in-
