2760 4710
197 336 239 419 48

480 336 518 400 P.
548 335 724 403 OVIDII
742 333 966 405 NASONIS

200 512 219 546 »
238 476 358 550 Tutior
375 491 425 548 est
440 475 583 575 requies,
608 472 705 548 solito
723 473 800 548 dnm
816 475 949 549 llnmina
965 495 1096 550 currant

200 628 218 660 »
237 576 375 677 hiinite,
394 589 472 664 dum
487 608 599 662 tennes
616 590 722 689 capiat
739 620 818 665 suus
833 592 943 666 alveus
960 594 1075 669 undas.
1094 627 1111 661 »

198 707 325 782 Adnuit
337 705 478 801 ‘AEgides
496 734 503 777 :
522 739 539 770 «
560 708 727 806 Utarque,
745 707 905 796 Acheloe,
925 711 1108 811 domoque,

201 858 220 892 a
240 822 452 922 Consilioque
469 839 542 908 tuo,
561 857 578 888 »
594 823 785 925 respoudit;
803 841 834 896 et
850 853 929 898 usus
944 844 1085 926 utroque
1100 844 1157 901 est.
1205 844 1255 900 56⁰

199 941 332 1015 Pumice
347 938 539 1025 multicavo,
557 967 615 1012 nec
631 937 757 1013 levibus
772 938 852 1013 atria
869 941 982 1041 tophis

198 1054 328 1131 Stmcta
346 1055 459 1130 subit:
474 1054 567 1128 molli
588 1055 684 1129 tellus
701 1072 769 1128 erat
785 1055 918 1128 humida
935 1084 1070 1144 museo;

198 1174 330 1247 Summa
346 1171 539 1247 lacunabant
556 1170 681 1245 alterno
700 1170 821 1244 murice
837 1170 977 1243 conche.

198 1296 339 1396 Jamque
356 1295 436 1369 duas
453 1282 534 1367 lueis
552 1310 660 1393 partes
676 1293 864 1392 Hyperione
882 1320 1016 1377 menso,

197 1417 403 1492 Discubuere
419 1415 501 1490 toris
516 1415 663 1488 Theseus
680 1414 880 1515 comitesque
895 1414 1067 1489 laborum:

1205 1435 1254 1487 565

198 1541 269 1612 Hae
286 1537 468 1624 Ixionides,
488 1536 544 1609 illa
556 1536 746 1611 Troezenius
760 1537 859 1611 heros

198 1665 294 1738 Parte
312 1661 426 1746 Lelex,
448 1661 528 1733 raris
541 1661 606 1758 jam
624 1690 757 1760 sparsus
775 1679 922 1764 tempora
940 1662 1050 1748 canis3

199 1787 359 1885 Quosque
377 1782 459 1856 alios
477 1781 571 1884 parili
588 1784 693 1857 luerat
710 1784 863 1880 dignatus
876 1786 1002 1859 honore

198 1906 315 1980 Amnis
330 1907 559 1992 Acarnanum,
576 1903 762 1982 lectissimus
780 1908 910 2010 hospite
928 1924 1030 1980 tanto.

197 2134 391 2196 truitecunanu
400 2127 464 2181 dum
471 2128 540 2181 intra
547 2128 624 2196 ripas,
631 2128 703 2197 aquis

198 2207 360 2272 imminutis,
374 2227 400 2260 se
413 2206 545 2276 recipiant.
558 2207 607 2257 Ed.

232 2289 288 2358 55,
296 2285 373 2347 Suos,
386 2284 437 2337 iisa
446 2292 539 2336 natura
548 2282 702 2352 adsignatus.

201 2364 343 2424 *Tereia
357 2361 454 2431 exigua.

229 2436 703 2495 561.Jttutaeaoodumutavttovidius

199 2520 228 2572 in
240 2518 289 2572 hac
300 2518 386 2571 sabula
398 2511 521 2570 vocabula
532 2534 607 2568 nos-a.
622 2515 660 2567 Ex
673 2534 705 2567 eo

201 2618 296 2669 genere
303 2597 379 2666 paulo
387 2606 448 2648 ante
456 2605 512 2646 erat
520 2590 704 2645 turcomannis

200 2673 327 2728 hahemus
337 2675 500 2729 multr‘caoos,
510 2678 537 2720 et
544 2686 617 2732 mox,
630 2671 706 2719 laco-

200 2771 276 2811 nare,
291 2753 374 2803 lacere
387 2748 492 2799 lacunar
502 2765 507 2799 :
516 2745 585 2814 qnod
596 2746 704 2798 verbum

124 2844 135 2850 ·
201 2829 251 2881 suit
264 2829 385 2897 ignotum
397 2824 521 2890 librariis,
535 2843 597 2877 nam
613 2842 704 2878 omnes

203 2902 313 2957 Codices
330 2902 428 2955 habent
445 2906 517 2955 lacos
533 2907 640 2964 nabunt,
660 2913 718 2961 aut,

200 2984 259 3031 laco
266 2983 368 3032 nubant.
378 2979 475 3049 Regius
486 2990 575 3032 noster
584 2980 622 3045 A,
634 2983 706 3031 Iocus

200 3061 312 3121 nabau&
329 3055 420 3110 Codex
432 3058 464 3123 Β,
475 3076 529 3110 uno
536 3058 625 3123 verbo,
638 3063 705 3110 Iace-

202 3140 305 3188 orabant.
314 3134 447 3199 Lacunar,
456 3137 582 3202 φᾶηωμα,
592 3145 704 3200 tectum,

201 3214 295 3281 inquo
309 3212 390 3265 celati
403 3223 478 3266 erant
493 3213 589 3277 loculi,
608 3214 651 3280 qni
668 3212 706 3264 la-

201 3308 281 3345 cuum
287 3289 485 3344 similitudinem
492 3289 632 3355 habebant,
642 3307 706 3358 quos

201 3372 295 3436 laquei,
310 3367 336 3420 id
346 3378 398 3433 est,
411 3368 541 3437 margines
552 3366 706 3420 eminentio-

202 3469 243 3503 res
250 3448 402 3517 cingebant,
414 3447 484 3499 unde
493 3446 596 3500 idemet
604 3450 708 3512 laquear

203 3526 706 3596 dicitur.Beatorumquidemhorninum

203 3609 332 3663 lacunaria
345 3616 436 3659 ornata
447 3616 522 3659 erant
533 3607 650 3667 eburno,
662 3621 705 3655 au·

203 3704 251 3751 ro,
272 3686 382 3756 gemmis
402 3684 468 3737 adeo
482 3683 620 3753 (videatur
636 3680 705 3735 Plu-

205 3764 321 3832 tarchus,
334 3762 705 3835 Apophth.Lac.Xll,n.94);

752 2127 891 2196 Virgilius,
903 2126 999 2196 Georg.
1012 2126 1062 2193 lV,
1075 2127 1122 2194 374
1131 2166 1139 2192 ,
1147 2130 1255 2192 pendeu-

751 2210 970 2271 tropume'cetecta.

780 2282 835 2347 564.
840 2281 1013 2349 Metr'rr'poetis
1018 2291 1056 2334 est
1061 2280 1177 2334 medium
1187 2291 1256 2334 tran·

752 2360 817 2425 sire,
831 2378 990 2428 percurrere.
1003 2359 1086 2428 lgitur
1095 2359 1140 2411 Sol
1149 2361 1256 2412 metitur

753 2438 844 2492 eaelum
853 2477 860 2503 ,
869 2438 919 2490 hoe
928 2437 999 2502 loeo,
1012 2442 1101 2498 lucem,
1112 2437 1163 2490 sive
1174 2437 1259 2489 diem.-

752 2518 978 2582 -Doasparte15
992 2516 1082 2568 horam
1094 2515 1146 2568 diei
1157 2533 1256 2568 nonam
1318 2542 1322 2550 ·

755 2593 886 2665 designat,
900 2593 1113 2663 quaetiamapud
1123 2594 1257 2646 llomanos

753 2691 833 2726 coenae
846 2672 1154 2725 initiums-llr'scumbere
1162 2678 1258 2725 ettore's

755 2761 781 2803 et
788 2757 929 2818 sopertorr's
936 2751 997 2803 dixit
1008 2751 1145 2820 Virgilius,
1157 2751 1219 2803 AEn.
1228 2750 1239 2803 l
1249 2791 1256 2815 ‚

754 2847 816 2898 700,
832 2829 886 2896 708.
899 2857 932 2868 -
944 2831 1086 2885 Ixionides.
1106 2828 1256 2893 Pirithous,

752 2925 817 2959 vers.
825 2906 1198 2971 403.-·Troeeen1'usherosnon
1208 2916 1255 2968 est,

754 2995 783 3037 ut
794 2973 865 3035 Rode
876 2983 996 3052 putabat,
1010 2980 1140 3046 Theseus,
1153 2979 1198 3032 sed
1208 2983 1257 3032 lae-

752 3069 807 3125 Ieae,
818 3063 862 3131 qui
870 3081 962 3131 supra,
972 3078 1047 3112 versu
1057 3060 1118 3123 312,
1133 3061 1258 3131 Narycios

754 3136 1257 3193 vocatur.Lensiovideturahoerensi-

753 3220 800 3272 bus
813 3220 944 3269 Proxenus
954 3215 1083 3282 migrasse.
1094 3216 1117 3269 li
1127 3237 1201 3270 versu
1207 3217 1256 3269 sm

753 3293 883 3358 videmus,
892 3311 953 3345 eum
962 3293 1014 3358 jam
1023 3294 1086 3346 olim
1093 3295 1181 3348 vixisse
1188 3294 1257 3364 apud

752 3371 1256 3442 Pittheoorffroeaeniorumregem.For·

753 3461 779 3504 te
796 3451 910 3513 Troezen,
925 3449 1022 3503 Pitthei
1036 3451 1135 3517 frater,
1156 3452 1255 3518 cnjuse

753 3529 806 3583 filia
815 3529 909 3583 AEthra
918 3548 999 3598 nepos
1006 3529 1122 3584 Theseus
1134 3529 1257 3598 (Pausa-

754 3609 825 3674 nias,
839 3628 863 3677 p.
880 3608 924 3659 alla
938 3627 993 3676 sqq.
1003 3609 1029 3674 ),
1044 3607 1093 3660 luit
1105 3606 1161 3673 ejus
1175 3616 1256 3675 pater.

754 3686 798 3738 Sic
805 3685 907 3739 Thesea
915 3704 1010 3755 genere
1022 3685 1135 3754 proxime
1144 3685 1257 3754 attinge-

754 3762 812 3829 bat,
828 3782 942 3831 eumque
956 3762 1128 3815 comitabatur
1142 3761 1258 3814 reden'n-

203 3839 248 3890 sed
263 3840 335 3894 fluvii
346 3853 502 3895 ornamenta
519 3850 580 3894 sunt
601 3838 706 3892 eonchae
756 3851 817 3894 tem.
830 3841 867 3893 tti
879 3853 930 3894 tres
941 3842 968 3893 in
980 3859 1033 3892 uno
1045 3851 1102 3892 toro
1114 3839 1256 3892 aocuhuere

203 3925 230 3966 et
239 3919 542 3972 murices-Pauloante
551 3921 705 3979 sceleribus,
755 3918 805 3983 ita,
819 3929 848 3970 ut
858 3918 976 3970 Theseus
987 3916 1103 3970 medium
1117 3917 1202 3969 locum
1216 3926 1254 3967 te-

204 3995 306 4061 asperis.
314 4024 346 4035 -
357 3994 398 4049 De
407 4002 506 4064 pumree
516 4006 543 4048 et
553 3999 636 4064 tophis
648 3993 706 4047 vide
755 4008 882 4050 neret-
889 4001 983 4060 Parr'li,
998 4017 1046 4066 pro
1056 4003 1128 4065 pari,
1149 4007 1178 4048 ut
1189 4013 1255 4062 sepe

204 4068 236 4122 ad
251 4070 310 4136 ΙΙΙ,
333 4072 385 4125 ιθο.
409 4074 440 4127 ln
458 4073 576 4144 Cyrenes
593 4075 707 4128 thalamo
756 4074 1194 4144 apudOvidium-Horreorum,-
1206 4072 1258 4125 Ju-
