<?xml version="1.0" encoding="UTF-8"?>
<!DOCTYPE html PUBLIC "-//W3C//DTD XHTML 1.0 Transitional//EN"
    "http://www.w3.org/TR/xhtml1/DTD/xhtml1-transitional.dtd">
<html xmlns="http://www.w3.org/1999/xhtml" xml:lang="en" lang="en">
 <head>
  <title>
</title>
<meta http-equiv="Content-Type" content="text/html;charset=utf-8" />
  <meta name='ocr-system' content='tesseract 3.04.00' />
  <meta name='ocr-capabilities' content='ocr_page ocr_carea ocr_par ocr_line ocrx_word'/>
</head>
<body>
  <div class='ocr_page' id='page_1' title='image "./publiiovidiinas07massgoog_0147.png"; bbox 0 0 2708 5094; ppageno 0'>
   <div class='ocr_carea' id='block_1_1' title="bbox 278 745 1174 822">
    <p class='ocr_par' dir='ltr' id='par_1_1' title="bbox 278 745 1174 822">
     <span class='ocr_line' id='line_1_1' title="bbox 278 745 1174 822; baseline 0.01 -10"><span class='ocrx_word' id='word_1_1' title='bbox 278 745 794 814; x_wconf 82' lang='lat' dir='ltr'><strong>METAMORPHOSEON</strong></span> <span class='ocrx_word' id='word_1_2' title='bbox 816 749 912 815; x_wconf 91' lang='lat' dir='ltr'>LlB.</span> <span class='ocrx_word' id='word_1_3' title='bbox 938 752 995 816; x_wconf 89' lang='lat' dir='ltr'>IX</span> <span class='ocrx_word' id='word_1_4' title='bbox 1115 755 1174 822; x_wconf 79' lang='lat'>135</span> 
     </span>
    </p>
   </div>
   <div class='ocr_carea' id='block_1_2' title="bbox 116 883 1176 2138">
    <p class='ocr_par' dir='ltr' id='par_1_2' title="bbox 116 883 1060 990">
     <span class='ocr_line' id='line_1_2' title="bbox 116 883 1060 990; baseline 0.012 -39"><span class='ocrx_word' id='word_1_5' title='bbox 116 920 136 951; x_wconf 76' lang='grc' dir='ltr'>»ι</span> <span class='ocrx_word' id='word_1_6' title='bbox 157 887 226 959; x_wconf 86' lang='lat' dir='ltr'>Nec</span> <span class='ocrx_word' id='word_1_7' title='bbox 243 883 365 978; x_wconf 83' lang='lat' dir='ltr'>rigidas</span> <span class='ocrx_word' id='word_1_8' title='bbox 382 884 508 970; x_wconf 83' lang='lat' dir='ltr'>silices,</span> <span class='ocrx_word' id='word_1_9' title='bbox 526 884 706 960; x_wconf 84' lang='lat' dir='ltr'><strong>solidumve</strong></span> <span class='ocrx_word' id='word_1_10' title='bbox 725 886 759 960; x_wconf 91' lang='lat' dir='ltr'>in</span> <span class='ocrx_word' id='word_1_11' title='bbox 774 905 904 990; x_wconf 88' lang='lat' dir='ltr'>pectore</span> <span class='ocrx_word' id='word_1_12' title='bbox 921 889 1060 977; x_wconf 87' lang='lat' dir='ltr'>sermm,</span> 
     </span>
    </p>

    <p class='ocr_par' dir='ltr' id='par_1_3' title="bbox 116 997 984 1093">
     <span class='ocr_line' id='line_1_3' title="bbox 116 997 984 1093; baseline 0.009 -27"><span class='ocrx_word' id='word_1_13' title='bbox 116 1036 137 1066; x_wconf 85' lang='lat'>»</span> <span class='ocrx_word' id='word_1_14' title='bbox 158 1001 227 1072; x_wconf 81' lang='lat' dir='ltr'>Aut</span> <span class='ocrx_word' id='word_1_15' title='bbox 242 997 415 1071; x_wconf 75' lang='lat' dir='ltr'>adamanta</span> <span class='ocrx_word' id='word_1_16' title='bbox 432 1000 534 1093; x_wconf 85' lang='lat' dir='ltr'>gerit,</span> <span class='ocrx_word' id='word_1_17' title='bbox 553 1027 610 1074; x_wconf 87' lang='lat' dir='ltr'>nec</span> <span class='ocrx_word' id='word_1_18' title='bbox 626 998 676 1074; x_wconf 86' lang='lat' dir='ltr'>lae</span> <span class='ocrx_word' id='word_1_19' title='bbox 693 1001 782 1075; x_wconf 93' lang='lat' dir='ltr'>bibit</span> <span class='ocrx_word' id='word_1_20' title='bbox 799 1000 853 1075; x_wconf 92' lang='lat' dir='ltr'>ille</span> <span class='ocrx_word' id='word_1_21' title='bbox 870 999 984 1076; x_wconf 76' lang='lat' dir='ltr'>leaenae.</span> 
     </span>
    </p>

    <p class='ocr_par' dir='ltr' id='par_1_4' title="bbox 119 1114 1176 1333">
     <span class='ocr_line' id='line_1_4' title="bbox 119 1114 1176 1216; baseline 0.01 -34"><span class='ocrx_word' id='word_1_22' title='bbox 119 1153 139 1182; x_wconf 66' lang='lat' dir='ltr'>‚r</span> <span class='ocrx_word' id='word_1_23' title='bbox 159 1116 322 1188; x_wconf 72' lang='lat' dir='ltr'>Vincetur</span> <span class='ocrx_word' id='word_1_24' title='bbox 337 1143 344 1187; x_wconf 91' lang='lat'>:</span> <span class='ocrx_word' id='word_1_25' title='bbox 359 1114 554 1214; x_wconf 81' lang='lat' dir='ltr'>repetendus</span> <span class='ocrx_word' id='word_1_26' title='bbox 570 1116 648 1203; x_wconf 83' lang='lat' dir='ltr'>erit;</span> <span class='ocrx_word' id='word_1_27' title='bbox 665 1144 725 1188; x_wconf 91' lang='lat' dir='ltr'>nec</span> <span class='ocrx_word' id='word_1_28' title='bbox 742 1116 950 1216; x_wconf 71' lang='lat' dir='ltr'>tedia-coepti</span> <span class='ocrx_word' id='word_1_29' title='bbox 1126 1140 1176 1195; x_wconf 71' lang='grc' dir='ltr'>διε</span> 
     </span>
     <span class='ocr_line' id='line_1_5' title="bbox 121 1228 969 1333; baseline 0.008 -37"><span class='ocrx_word' id='word_1_30' title='bbox 121 1267 139 1296; x_wconf 83' lang='lat'>»</span> <span class='ocrx_word' id='word_1_31' title='bbox 159 1229 234 1304; x_wconf 90' lang='lat' dir='ltr'>Ulla</span> <span class='ocrx_word' id='word_1_32' title='bbox 250 1228 315 1302; x_wconf 91' lang='lat' dir='ltr'>mei</span> <span class='ocrx_word' id='word_1_33' title='bbox 332 1230 477 1331; x_wconf 83' lang='lat' dir='ltr'>capiam,</span> <span class='ocrx_word' id='word_1_34' title='bbox 495 1230 574 1304; x_wconf 92' lang='lat' dir='ltr'>dnm</span> <span class='ocrx_word' id='word_1_35' title='bbox 588 1231 724 1333; x_wconf 83' lang='lat' dir='ltr'>spiritus</span> <span class='ocrx_word' id='word_1_36' title='bbox 740 1230 800 1304; x_wconf 86' lang='lat' dir='ltr'>iste</span> <span class='ocrx_word' id='word_1_37' title='bbox 816 1229 969 1304; x_wconf 76' lang='lat' dir='ltr'>manebit</span> 
     </span>
    </p>

    <p class='ocr_par' dir='ltr' id='par_1_5' title="bbox 122 1342 981 1445">
     <span class='ocr_line' id='line_1_6' title="bbox 122 1342 981 1445; baseline 0 -26"><span class='ocrx_word' id='word_1_38' title='bbox 122 1381 142 1411; x_wconf 86' lang='lat'>»</span> <span class='ocrx_word' id='word_1_39' title='bbox 162 1348 244 1419; x_wconf 82' lang='lat' dir='ltr'>Nam</span> <span class='ocrx_word' id='word_1_40' title='bbox 259 1344 422 1445; x_wconf 82' lang='lat' dir='ltr'>primum,</span> <span class='ocrx_word' id='word_1_41' title='bbox 442 1344 471 1418; x_wconf 85' lang='lat' dir='ltr'>si</span> <span class='ocrx_word' id='word_1_42' title='bbox 485 1344 571 1419; x_wconf 86' lang='lat' dir='ltr'>lacta</span> <span class='ocrx_word' id='word_1_43' title='bbox 586 1345 667 1421; x_wconf 89' lang='lat' dir='ltr'>mihi</span> <span class='ocrx_word' id='word_1_44' title='bbox 686 1371 835 1418; x_wconf 83' lang='lat' dir='ltr'>revocare</span> <span class='ocrx_word' id='word_1_45' title='bbox 850 1342 981 1432; x_wconf 79' lang='lat' dir='ltr'>liceret,</span> 
     </span>
    </p>

    <p class='ocr_par' dir='ltr' id='par_1_6' title="bbox 125 1459 1105 1562">
     <span class='ocr_line' id='line_1_7' title="bbox 125 1459 1105 1562; baseline 0.003 -28"><span class='ocrx_word' id='word_1_46' title='bbox 125 1495 142 1526; x_wconf 67' lang='lat' dir='ltr'>r</span> <span class='ocrx_word' id='word_1_47' title='bbox 160 1465 233 1534; x_wconf 89' lang='lat' dir='ltr'>Non</span> <span class='ocrx_word' id='word_1_48' title='bbox 249 1459 389 1560; x_wconf 73' lang='lat' dir='ltr'>coepisse</span> <span class='ocrx_word' id='word_1_49' title='bbox 405 1459 468 1535; x_wconf 89' lang='lat' dir='ltr'>fuit</span> <span class='ocrx_word' id='word_1_50' title='bbox 483 1490 490 1532; x_wconf 94' lang='lat'>:</span> <span class='ocrx_word' id='word_1_51' title='bbox 506 1479 612 1562; x_wconf 87' lang='lat' dir='ltr'>coepta</span> <span class='ocrx_word' id='word_1_52' title='bbox 628 1488 833 1562; x_wconf 81' lang='lat' dir='ltr'>expugnare,</span> <span class='ocrx_word' id='word_1_53' title='bbox 852 1459 1029 1535; x_wconf 87' lang='lat' dir='ltr'>secundum</span> <span class='ocrx_word' id='word_1_54' title='bbox 1046 1481 1105 1537; x_wconf 85' lang='lat' dir='ltr'>est.</span> 
     </span>
    </p>

    <p class='ocr_par' dir='ltr' id='par_1_7' title="bbox 120 1571 1120 1676">
     <span class='ocr_line' id='line_1_8' title="bbox 120 1571 1120 1676; baseline 0.011 -35"><span class='ocrx_word' id='word_1_55' title='bbox 120 1611 138 1641; x_wconf 80' lang='lat'><strong>»</strong></span> <span class='ocrx_word' id='word_1_56' title='bbox 157 1576 294 1676; x_wconf 84' lang='lat' dir='ltr'>Quippe</span> <span class='ocrx_word' id='word_1_57' title='bbox 313 1601 374 1647; x_wconf 83' lang='lat' dir='ltr'>nee</span> <span class='ocrx_word' id='word_1_58' title='bbox 392 1571 445 1648; x_wconf 89' lang='lat' dir='ltr'>ille</span> <span class='ocrx_word' id='word_1_59' title='bbox 462 1593 590 1676; x_wconf 86' lang='lat' dir='ltr'>potest,</span> <span class='ocrx_word' id='word_1_60' title='bbox 607 1593 646 1648; x_wconf 84' lang='lat' dir='ltr'>ut</span> <span class='ocrx_word' id='word_1_61' title='bbox 660 1576 725 1673; x_wconf 87' lang='lat' dir='ltr'>jam</span> <span class='ocrx_word' id='word_1_62' title='bbox 741 1603 812 1648; x_wconf 88' lang='lat' dir='ltr'>mea</span> <span class='ocrx_word' id='word_1_63' title='bbox 827 1592 904 1648; x_wconf 84' lang='lat' dir='ltr'>rota</span> <span class='ocrx_word' id='word_1_64' title='bbox 920 1574 1120 1676; x_wconf 86' lang='lat' dir='ltr'>relinquam,</span> 
     </span>
    </p>

    <p class='ocr_par' dir='ltr' id='par_1_8' title="bbox 117 1694 1175 1905">
     <span class='ocr_line' id='line_1_9' title="bbox 120 1694 1175 1792; baseline 0.004 -29"><span class='ocrx_word' id='word_1_65' title='bbox 120 1720 137 1754; x_wconf 73' lang='lat' dir='ltr'>o</span> <span class='ocrx_word' id='word_1_66' title='bbox 157 1694 234 1763; x_wconf 85' lang='lat' dir='ltr'>Non</span> <span class='ocrx_word' id='word_1_67' title='bbox 254 1708 359 1763; x_wconf 87' lang='lat' dir='ltr'>tamen</span> <span class='ocrx_word' id='word_1_68' title='bbox 377 1717 531 1763; x_wconf 88' lang='lat' dir='ltr'>ausorum</span> <span class='ocrx_word' id='word_1_69' title='bbox 549 1718 675 1792; x_wconf 79' lang='lat' dir='ltr'>semper</span> <span class='ocrx_word' id='word_1_70' title='bbox 692 1718 815 1764; x_wconf 89' lang='lat' dir='ltr'>memor</span> <span class='ocrx_word' id='word_1_71' title='bbox 833 1719 901 1766; x_wconf 74' lang='lat' dir='ltr'>esse</span> <span class='ocrx_word' id='word_1_72' title='bbox 916 1719 1074 1766; x_wconf 89' lang='lat' dir='ltr'>meorum.</span> <span class='ocrx_word' id='word_1_73' title='bbox 1124 1717 1175 1769; x_wconf 79' lang='lat'>620</span> 
     </span>
     <span class='ocr_line' id='line_1_10' title="bbox 117 1803 960 1905; baseline 0.011 -33"><span class='ocrx_word' id='word_1_74' title='bbox 117 1841 135 1871; x_wconf 88' lang='lat'>»</span> <span class='ocrx_word' id='word_1_75' title='bbox 156 1808 220 1890; x_wconf 86' lang='lat' dir='ltr'>Et,</span> <span class='ocrx_word' id='word_1_76' title='bbox 238 1804 314 1905; x_wconf 91' lang='lat' dir='ltr'>quia</span> <span class='ocrx_word' id='word_1_77' title='bbox 334 1804 502 1891; x_wconf 83' lang='lat' dir='ltr'>desierim,</span> <span class='ocrx_word' id='word_1_78' title='bbox 520 1803 631 1880; x_wconf 83' lang='lat' dir='ltr'>leviter</span> <span class='ocrx_word' id='word_1_79' title='bbox 645 1806 786 1882; x_wconf 83' lang='lat' dir='ltr'>voluisse</span> <span class='ocrx_word' id='word_1_80' title='bbox 804 1807 960 1896; x_wconf 89' lang='lat' dir='ltr'>videbor;</span> 
     </span>
    </p>

    <p class='ocr_par' dir='ltr' id='par_1_9' title="bbox 118 1919 981 2026">
     <span class='ocr_line' id='line_1_11' title="bbox 118 1919 981 2026; baseline 0.002 -33"><span class='ocrx_word' id='word_1_81' title='bbox 118 1956 136 1984; x_wconf 69' lang='grc' dir='ltr'>ι)</span> <span class='ocrx_word' id='word_1_82' title='bbox 153 1923 225 1993; x_wconf 81' lang='lat' dir='ltr'>Ant</span> <span class='ocrx_word' id='word_1_83' title='bbox 242 1922 340 1992; x_wconf 89' lang='lat' dir='ltr'>etiam</span> <span class='ocrx_word' id='word_1_84' title='bbox 358 1938 501 1994; x_wconf 76' lang='lat' dir='ltr'>tentasse</span> <span class='ocrx_word' id='word_1_85' title='bbox 515 1919 628 2009; x_wconf 90' lang='lat' dir='ltr'>illum,</span> <span class='ocrx_word' id='word_1_86' title='bbox 644 1923 836 2023; x_wconf 85' lang='lat' dir='ltr'>insidiisque</span> <span class='ocrx_word' id='word_1_87' title='bbox 853 1925 981 2026; x_wconf 87' lang='lat' dir='ltr'>petisse.</span> 
     </span>
    </p>

    <p class='ocr_par' dir='ltr' id='par_1_10' title="bbox 118 2034 984 2138">
     <span class='ocr_line' id='line_1_12' title="bbox 118 2034 984 2138; baseline 0.007 -33"><span class='ocrx_word' id='word_1_88' title='bbox 118 2072 135 2099; x_wconf 74' lang='grc' dir='ltr'>»ι</span> <span class='ocrx_word' id='word_1_89' title='bbox 155 2034 217 2109; x_wconf 80' lang='lat' dir='ltr'>Vel</span> <span class='ocrx_word' id='word_1_90' title='bbox 232 2053 404 2123; x_wconf 82' lang='lat' dir='ltr'>certenon</span> <span class='ocrx_word' id='word_1_91' title='bbox 420 2036 502 2125; x_wconf 87' lang='lat' dir='ltr'>hoc,</span> <span class='ocrx_word' id='word_1_92' title='bbox 520 2038 580 2138; x_wconf 83' lang='lat' dir='ltr'>qui</span> <span class='ocrx_word' id='word_1_93' title='bbox 597 2035 757 2138; x_wconf 79' lang='lat' dir='ltr'>plurimus</span> <span class='ocrx_word' id='word_1_94' title='bbox 773 2038 858 2114; x_wconf 86' lang='lat' dir='ltr'>ussit</span> <span class='ocrx_word' id='word_1_95' title='bbox 870 2056 902 2112; x_wconf 89' lang='lat' dir='ltr'>et</span> <span class='ocrx_word' id='word_1_96' title='bbox 916 2039 984 2112; x_wconf 88' lang='lat' dir='ltr'>urit</span> 
     </span>
    </p>
   </div>
   <div class='ocr_carea' id='block_1_3' title="bbox 109 2226 1175 4549">
    <p class='ocr_par' dir='ltr' id='par_1_11' title="bbox 109 2226 1175 4549">
     <span class='ocr_line' id='line_1_13' title="bbox 116 2226 1174 2303; baseline 0.001 -24"><span class='ocrx_word' id='word_1_97' title='bbox 116 2227 185 2280; x_wconf 85' lang='lat' dir='ltr'>missi</span> <span class='ocrx_word' id='word_1_98' title='bbox 204 2226 319 2280; x_wconf 86' lang='lat' dir='ltr'>ministri</span> <span class='ocrx_word' id='word_1_99' title='bbox 336 2237 421 2292; x_wconf 85' lang='lat' dir='ltr'>esset,</span> <span class='ocrx_word' id='word_1_100' title='bbox 439 2227 460 2280; x_wconf 87' lang='lat' dir='ltr'>si</span> <span class='ocrx_word' id='word_1_101' title='bbox 476 2246 533 2280; x_wconf 89' lang='lat' dir='ltr'>rem</span> <span class='ocrx_word' id='word_1_102' title='bbox 550 2228 624 2281; x_wconf 83' lang='lat' dir='ltr'>aliter</span> <span class='ocrx_word' id='word_1_103' title='bbox 671 2230 715 2303; x_wconf 85' lang='lat' dir='ltr'>qni</span> <span class='ocrx_word' id='word_1_104' title='bbox 727 2249 741 2282; x_wconf 91' lang='lat' dir='ltr'>e</span> <span class='ocrx_word' id='word_1_105' title='bbox 754 2230 961 2299; x_wconf 85' lang='lat' dir='ltr'>turpissimorum</span> <span class='ocrx_word' id='word_1_106' title='bbox 971 2228 1112 2282; x_wconf 86' lang='lat' dir='ltr'>eriminum</span> <span class='ocrx_word' id='word_1_107' title='bbox 1126 2226 1174 2280; x_wconf 85' lang='lat' dir='ltr'>in-</span> 
     </span>
     <span class='ocr_line' id='line_1_14' title="bbox 118 2305 1174 2378; baseline -0.001 -18"><span class='ocrx_word' id='word_1_108' title='bbox 118 2318 283 2374; x_wconf 78' lang='lat' dir='ltr'>trattassem,</span> <span class='ocrx_word' id='word_1_109' title='bbox 296 2306 379 2359; x_wconf 72' lang='lat' dir='ltr'>victu·</span> <span class='ocrx_word' id='word_1_110' title='bbox 390 2316 456 2360; x_wconf 88' lang='lat' dir='ltr'>esset</span> <span class='ocrx_word' id='word_1_111' title='bbox 468 2307 564 2368; x_wconf 78' lang='lat' dir='ltr'>frater3</span> <span class='ocrx_word' id='word_1_112' title='bbox 580 2326 623 2358; x_wconf 75' lang='lat' dir='ltr'>n·</span> <span class='ocrx_word' id='word_1_113' title='bbox 670 2309 747 2359; x_wconf 83' lang='lat' dir='ltr'>samia</span> <span class='ocrx_word' id='word_1_114' title='bbox 758 2329 785 2361; x_wconf 84' lang='lat' dir='ltr'>se</span> <span class='ocrx_word' id='word_1_115' title='bbox 797 2309 917 2378; x_wconf 79' lang='lat' dir='ltr'>expedire</span> <span class='ocrx_word' id='word_1_116' title='bbox 929 2307 1027 2373; x_wconf 85' lang='lat' dir='ltr'>nescit,</span> <span class='ocrx_word' id='word_1_117' title='bbox 1039 2306 1088 2359; x_wconf 89' lang='lat' dir='ltr'>nisi</span> <span class='ocrx_word' id='word_1_118' title='bbox 1101 2305 1174 2359; x_wconf 79' lang='lat' dir='ltr'>noris</span> 
     </span>
     <span class='ocr_line' id='line_1_15' title="bbox 117 2382 1003 2456; baseline 0.001 -20"><span class='ocrx_word' id='word_1_119' title='bbox 117 2404 163 2449; x_wconf 76' lang='lat' dir='ltr'>qne</span> <span class='ocrx_word' id='word_1_120' title='bbox 175 2388 240 2436; x_wconf 77' lang='lat' dir='ltr'>eninr</span> <span class='ocrx_word' id='word_1_121' title='bbox 252 2385 284 2436; x_wconf 77' lang='lat' dir='ltr'>de</span> <span class='ocrx_word' id='word_1_122' title='bbox 295 2385 384 2450; x_wconf 65' lang='lat' dir='ltr'>te’gn&#39;de</span> <span class='ocrx_word' id='word_1_123' title='bbox 394 2393 443 2436; x_wconf 84' lang='lat' dir='ltr'>ete.</span> <span class='ocrx_word' id='word_1_124' title='bbox 457 2382 528 2437; x_wconf 86' lang='lat' dir='ltr'>Hinc</span> <span class='ocrx_word' id='word_1_125' title='bbox 543 2400 622 2435; x_wconf 89' lang='lat' dir='ltr'>corn-</span> <span class='ocrx_word' id='word_1_126' title='bbox 670 2384 807 2438; x_wconf 73' lang='lat' dir='ltr'>sceleribus</span> <span class='ocrx_word' id='word_1_127' title='bbox 817 2384 1003 2456; x_wconf 73' lang='lat' dir='ltr'>perpetrandis.</span> 
     </span>
     <span class='ocr_line' id='line_1_16' title="bbox 119 2460 1173 2531; baseline 0.002 -17"><span class='ocrx_word' id='word_1_128' title='bbox 119 2461 194 2514; x_wconf 86' lang='lat' dir='ltr'>mode</span> <span class='ocrx_word' id='word_1_129' title='bbox 209 2480 243 2515; x_wconf 91' lang='lat' dir='ltr'>eo</span> <span class='ocrx_word' id='word_1_130' title='bbox 260 2461 395 2526; x_wconf 83' lang='lat' dir='ltr'>defertur,</span> <span class='ocrx_word' id='word_1_131' title='bbox 412 2471 441 2512; x_wconf 88' lang='lat' dir='ltr'>nt</span> <span class='ocrx_word' id='word_1_132' title='bbox 459 2480 515 2513; x_wconf 90' lang='lat' dir='ltr'>rem</span> <span class='ocrx_word' id='word_1_133' title='bbox 534 2460 622 2513; x_wconf 91' lang='lat' dir='ltr'>denuo</span> <span class='ocrx_word' id='word_1_134' title='bbox 702 2464 758 2531; x_wconf 72' lang='lat'>617.</span> <span class='ocrx_word' id='word_1_135' title='bbox 772 2467 851 2516; x_wconf 78' lang='lat' dir='ltr'>Facta</span> <span class='ocrx_word' id='word_1_136' title='bbox 861 2483 989 2523; x_wconf 76' lang='lat' dir='ltr'>revocare,</span> <span class='ocrx_word' id='word_1_137' title='bbox 1002 2463 1068 2515; x_wconf 85' lang='lat' dir='ltr'>lacta</span> <span class='ocrx_word' id='word_1_138' title='bbox 1078 2461 1173 2516; x_wconf 82' lang='lat' dir='ltr'>inlecta</span> 
     </span>
     <span class='ocr_line' id='line_1_17' title="bbox 118 2537 1173 2608; baseline -0.001 -16"><span class='ocrx_word' id='word_1_139' title='bbox 118 2548 217 2592; x_wconf 77' lang='lat' dir='ltr'>tentare</span> <span class='ocrx_word' id='word_1_140' title='bbox 228 2537 325 2607; x_wconf 57' lang='lat' dir='ltr'>cupiat</span> <span class='ocrx_word' id='word_1_141' title='bbox 334 2537 428 2591; x_wconf 87' lang='lat' dir='ltr'>Verbis</span> <span class='ocrx_word' id='word_1_142' title='bbox 437 2548 524 2590; x_wconf 85' lang='lat' dir='ltr'>autem</span> <span class='ocrx_word' id='word_1_143' title='bbox 536 2537 583 2590; x_wconf 88' lang='lat' dir='ltr'>illis</span> <span class='ocrx_word' id='word_1_144' title='bbox 591 2541 623 2592; x_wconf 82' lang='lat' dir='ltr'>de</span> <span class='ocrx_word' id='word_1_145' title='bbox 670 2540 927 2608; x_wconf 73' lang='lat' dir='ltr'>reddere-Capta:</span> <span class='ocrx_word' id='word_1_146' title='bbox 940 2539 1102 2608; x_wconf 79' lang='lat' dir='ltr'>Regiinostri</span> <span class='ocrx_word' id='word_1_147' title='bbox 1110 2558 1173 2607; x_wconf 62' lang='lat' dir='ltr'>cer</span> 
     </span>
     <span class='ocr_line' id='line_1_18' title="bbox 115 2614 1175 2685; baseline 0.001 -19"><span class='ocrx_word' id='word_1_148' title='bbox 115 2618 284 2682; x_wconf 65' lang='lat' dir='ltr'>tr&#39;grr&#39;deraelss</span> <span class='ocrx_word' id='word_1_149' title='bbox 293 2625 343 2668; x_wconf 88' lang='lat' dir='ltr'>etc.</span> <span class='ocrx_word' id='word_1_150' title='bbox 354 2614 470 2668; x_wconf 76' lang='lat' dir='ltr'>solemne</span> <span class='ocrx_word' id='word_1_151' title='bbox 479 2615 560 2684; x_wconf 87' lang='lat' dir='ltr'>poetis</span> <span class='ocrx_word' id='word_1_152' title='bbox 569 2614 621 2667; x_wconf 88' lang='lat' dir='ltr'>ani·</span> <span class='ocrx_word' id='word_1_153' title='bbox 668 2619 849 2685; x_wconf 72' lang='lat' dir='ltr'>tum-Capta</span> <span class='ocrx_word' id='word_1_154' title='bbox 858 2636 1009 2684; x_wconf 70' lang='lat' dir='ltr'>expugnare,</span> <span class='ocrx_word' id='word_1_155' title='bbox 1022 2626 1104 2684; x_wconf 79' lang='lat' dir='ltr'>coepta</span> <span class='ocrx_word' id='word_1_156' title='bbox 1114 2634 1175 2684; x_wconf 79' lang='lat' dir='ltr'>per·</span> 
     </span>
     <span class='ocr_line' id='line_1_19' title="bbox 118 2691 1173 2759; baseline -0.001 -17"><span class='ocrx_word' id='word_1_157' title='bbox 118 2711 194 2743; x_wconf 87' lang='lat' dir='ltr'>mum</span> <span class='ocrx_word' id='word_1_158' title='bbox 205 2692 372 2746; x_wconf 84' lang='lat' dir='ltr'>durissimum</span> <span class='ocrx_word' id='word_1_159' title='bbox 385 2692 527 2745; x_wconf 82' lang='lat' dir='ltr'>describere</span> <span class='ocrx_word' id='word_1_160' title='bbox 538 2715 545 2755; x_wconf 69' lang='grc' dir='ltr'>ς</span> <span class='ocrx_word' id='word_1_161' title='bbox 562 2691 620 2744; x_wconf 81' lang='lat' dir='ltr'>vide</span> <span class='ocrx_word' id='word_1_162' title='bbox 669 2692 755 2745; x_wconf 86' lang='lat' dir='ltr'>ficere.</span> <span class='ocrx_word' id='word_1_163' title='bbox 763 2693 1046 2745; x_wconf 83' lang='lat' dir='ltr'>FateturBurmannus</span> <span class='ocrx_word' id='word_1_164' title='bbox 1056 2711 1083 2744; x_wconf 84' lang='lat' dir='ltr'>se</span> <span class='ocrx_word' id='word_1_165' title='bbox 1097 2691 1173 2759; x_wconf 82' lang='lat' dir='ltr'>igno-</span> 
     </span>
     <span class='ocr_line' id='line_1_20' title="bbox 116 2768 1171 2837; baseline -0.003 -14"><span class='ocrx_word' id='word_1_166' title='bbox 116 2770 150 2823; x_wconf 89' lang='lat' dir='ltr'>ad</span> <span class='ocrx_word' id='word_1_167' title='bbox 163 2769 621 2837; x_wconf 68' lang='lat' dir='ltr'>Vll,3a.-Itr&#39;5idasednodecim</span> <span class='ocrx_word' id='word_1_168' title='bbox 668 2789 726 2822; x_wconf 82' lang='lat' dir='ltr'>rare</span> <span class='ocrx_word' id='word_1_169' title='bbox 753 2769 830 2837; x_wconf 72' lang='lat' dir='ltr'>hujus</span> <span class='ocrx_word' id='word_1_170' title='bbox 858 2768 993 2820; x_wconf 78' lang='lat' dir='ltr'>locutionis</span> <span class='ocrx_word' id='word_1_171' title='bbox 1015 2769 1171 2837; x_wconf 80' lang='lat' dir='ltr'>exemplum.</span> 
     </span>
     <span class='ocr_line' id='line_1_21' title="bbox 114 2845 1173 2917; baseline -0.007 -15"><span class='ocrx_word' id='word_1_172' title='bbox 114 2847 351 2917; x_wconf 65' lang='lat' dir='ltr'>prestantioribm</span> <span class='ocrx_word' id='word_1_173' title='bbox 371 2847 458 2900; x_wconf 79' lang='lat' dir='ltr'>ceteri</span> <span class='ocrx_word' id='word_1_174' title='bbox 476 2851 578 2915; x_wconf 63' lang='lat' dir='ltr'>rigidos.</span> <span class='ocrx_word' id='word_1_175' title='bbox 589 2875 622 2891; x_wconf 89' lang='lat'><em>-</em></span> <span class='ocrx_word' id='word_1_176' title='bbox 670 2846 831 2915; x_wconf 81' lang='lat' dir='ltr'>Comparare</span> <span class='ocrx_word' id='word_1_177' title='bbox 844 2846 923 2915; x_wconf 88' lang='lat' dir='ltr'>possis</span> <span class='ocrx_word' id='word_1_178' title='bbox 933 2864 963 2897; x_wconf 88' lang='lat' dir='ltr'>er</span> <span class='ocrx_word' id='word_1_179' title='bbox 975 2845 1051 2910; x_wconf 80' lang='lat' dir='ltr'>xw,</span> <span class='ocrx_word' id='word_1_180' title='bbox 1065 2865 1092 2897; x_wconf 70' lang='grc' dir='ltr'>αι</span> <span class='ocrx_word' id='word_1_181' title='bbox 1105 2884 1113 2911; x_wconf 91' lang='lat'>,</span> <span class='ocrx_word' id='word_1_182' title='bbox 1127 2864 1173 2896; x_wconf 79' lang='lat' dir='ltr'>ex-</span> 
     </span>
     <span class='ocr_line' id='line_1_22' title="bbox 112 2921 1171 2995; baseline -0.006 -17"><span class='ocrx_word' id='word_1_183' title='bbox 112 2924 189 2995; x_wconf 69' lang='lat' dir='ltr'>Regii</span> <span class='ocrx_word' id='word_1_184' title='bbox 202 2924 285 2978; x_wconf 85' lang='lat' dir='ltr'>nostri</span> <span class='ocrx_word' id='word_1_185' title='bbox 296 2927 400 2991; x_wconf 63' lang='lat' dir='ltr'>n&#39;gr&#39;das.</span> <span class='ocrx_word' id='word_1_186' title='bbox 663 2943 769 2991; x_wconf 63' lang='lat' dir='ltr'>pugnax</span> <span class='ocrx_word' id='word_1_187' title='bbox 776 2925 868 2982; x_wconf 80' lang='lat' dir='ltr'>herba,</span> <span class='ocrx_word' id='word_1_188' title='bbox 882 2921 1112 2986; x_wconf 71' lang='lat' dir='ltr'>efficax-Uljam</span> <span class='ocrx_word' id='word_1_189' title='bbox 1123 2932 1171 2972; x_wconf 62' lang='lat' dir='ltr'>etr„</span> 
     </span>
     <span class='ocr_line' id='line_1_23' title="bbox 143 2997 1172 3070; baseline -0.008 -13"><span class='ocrx_word' id='word_1_190' title='bbox 143 3003 201 3057; x_wconf 74' lang='lat'>615.</span> <span class='ocrx_word' id='word_1_191' title='bbox 216 3001 507 3056; x_wconf 63' lang='lat' dir='ltr'>macerarerettovum</span> <span class='ocrx_word' id='word_1_192' title='bbox 518 3001 622 3070; x_wconf 83' lang='lat' dir='ltr'>perieu-</span> <span class='ocrx_word' id='word_1_193' title='bbox 668 2999 740 3069; x_wconf 86' lang='lat' dir='ltr'>quod</span> <span class='ocrx_word' id='word_1_194' title='bbox 758 2999 780 3051; x_wconf 86' lang='lat' dir='ltr'>si</span> <span class='ocrx_word' id='word_1_195' title='bbox 797 2999 877 3052; x_wconf 82' lang='lat' dir='ltr'>etism</span> <span class='ocrx_word' id='word_1_196' title='bbox 897 3016 969 3051; x_wconf 87' lang='lat' dir='ltr'>nuuc</span> <span class='ocrx_word' id='word_1_197' title='bbox 988 3016 1002 3049; x_wconf 85' lang='lat' dir='ltr'>a</span> <span class='ocrx_word' id='word_1_198' title='bbox 1023 2997 1088 3049; x_wconf 81' lang='lat' dir='ltr'>sotis</span> <span class='ocrx_word' id='word_1_199' title='bbox 1107 2997 1172 3049; x_wconf 88' lang='lat' dir='ltr'>meis</span> 
     </span>
     <span class='ocr_line' id='line_1_24' title="bbox 113 3077 794 3147; baseline -0.006 -13"><span class='ocrx_word' id='word_1_200' title='bbox 113 3081 167 3135; x_wconf 84' lang='lat' dir='ltr'>lum</span> <span class='ocrx_word' id='word_1_201' title='bbox 176 3082 262 3136; x_wconf 79' lang='lat' dir='ltr'>faeere</span> <span class='ocrx_word' id='word_1_202' title='bbox 276 3080 341 3133; x_wconf 82' lang='lat' dir='ltr'>vult.</span> <span class='ocrx_word' id='word_1_203' title='bbox 350 3082 559 3147; x_wconf 76' lang='lat' dir='ltr'>-Ilepetendus,</span> <span class='ocrx_word' id='word_1_204' title='bbox 574 3079 622 3133; x_wconf 92' lang='lat' dir='ltr'>de-</span> <span class='ocrx_word' id='word_1_205' title='bbox 668 3077 794 3130; x_wconf 84' lang='lat' dir='ltr'>absistam.</span> 
     </span>
     <span class='ocr_line' id='line_1_25' title="bbox 113 3154 1171 3223; baseline -0.001 -13"><span class='ocrx_word' id='word_1_206' title='bbox 113 3177 166 3211; x_wconf 85' lang='lat' dir='ltr'>nuo</span> <span class='ocrx_word' id='word_1_207' title='bbox 176 3155 330 3213; x_wconf 73' lang='lat' dir='ltr'>tentandos.</span> <span class='ocrx_word' id='word_1_208' title='bbox 346 3154 446 3209; x_wconf 81' lang='lat' dir='ltr'>Confer</span> <span class='ocrx_word' id='word_1_209' title='bbox 462 3157 619 3223; x_wconf 84' lang='lat' dir='ltr'>Horatium,</span> <span class='ocrx_word' id='word_1_210' title='bbox 700 3157 756 3211; x_wconf 74' lang='lat' dir='ltr'>bor.</span> <span class='ocrx_word' id='word_1_211' title='bbox 773 3161 882 3219; x_wconf 60' lang='lat' dir='ltr'>derebt,</span> <span class='ocrx_word' id='word_1_212' title='bbox 902 3175 955 3209; x_wconf 86' lang='lat' dir='ltr'>non</span> <span class='ocrx_word' id='word_1_213' title='bbox 967 3174 1072 3211; x_wconf 84' lang='lat' dir='ltr'>summo</span> <span class='ocrx_word' id='word_1_214' title='bbox 1082 3155 1171 3209; x_wconf 84' lang='lat' dir='ltr'>surore</span> 
     </span>
     <span class='ocr_line' id='line_1_26' title="bbox 115 3232 1170 3305; baseline -0.007 -14"><span class='ocrx_word' id='word_1_215' title='bbox 115 3237 261 3303; x_wconf 66' lang='lat' dir='ltr'>Sathtx,</span> <span class='ocrx_word' id='word_1_216' title='bbox 275 3238 308 3289; x_wconf 82' lang='lat'>55</span> <span class='ocrx_word' id='word_1_217' title='bbox 319 3238 621 3305; x_wconf 72' lang='lat' dir='ltr'>sqq.—Toedr&#39;acaprbur,·</span> <span class='ocrx_word' id='word_1_218' title='bbox 668 3245 830 3305; x_wconf 81' lang='lat' dir='ltr'>correptam,</span> <span class='ocrx_word' id='word_1_219' title='bbox 848 3234 917 3304; x_wconf 84' lang='lat' dir='ltr'>qnod</span> <span class='ocrx_word' id='word_1_220' title='bbox 937 3233 1086 3287; x_wconf 83' lang='lat' dir='ltr'>excusatius.</span> <span class='ocrx_word' id='word_1_221' title='bbox 1104 3232 1170 3285; x_wconf 72' lang='lat' dir='ltr'>tlte-</span> 
     </span>
     <span class='ocr_line' id='line_1_27' title="bbox 116 3310 1173 3385; baseline -0.001 -16"><span class='ocrx_word' id='word_1_222' title='bbox 116 3313 304 3382; x_wconf 75' lang='lat' dir='ltr'>Neapolitanus</span> <span class='ocrx_word' id='word_1_223' title='bbox 315 3322 342 3364; x_wconf 82' lang='lat' dir='ltr'>el</span> <span class='ocrx_word' id='word_1_224' title='bbox 352 3311 486 3365; x_wconf 71' lang='lat' dir='ltr'>Mediretts</span> <span class='ocrx_word' id='word_1_225' title='bbox 496 3310 622 3378; x_wconf 73' lang='lat' dir='ltr'>lcdt&#39;ala·</span> <span class='ocrx_word' id='word_1_226' title='bbox 668 3317 752 3384; x_wconf 86' lang='lat' dir='ltr'>jorem</span> <span class='ocrx_word' id='word_1_227' title='bbox 764 3319 843 3370; x_wconf 79' lang='lat' dir='ltr'>etiarn</span> <span class='ocrx_word' id='word_1_228' title='bbox 853 3318 958 3370; x_wconf 81' lang='lat' dir='ltr'>veniam</span> <span class='ocrx_word' id='word_1_229' title='bbox 969 3326 1114 3381; x_wconf 86' lang='lat' dir='ltr'>merentur,</span> <span class='ocrx_word' id='word_1_230' title='bbox 1127 3315 1173 3385; x_wconf 88' lang='lat' dir='ltr'>qui</span> 
     </span>
     <span class='ocr_line' id='line_1_28' title="bbox 113 3390 1173 3462; baseline 0 -18"><span class='ocrx_word' id='word_1_231' title='bbox 113 3398 196 3455; x_wconf 64' lang='lat' dir='ltr'>ciem,</span> <span class='ocrx_word' id='word_1_232' title='bbox 213 3390 329 3461; x_wconf 75' lang='lat' dir='ltr'>Regius,</span> <span class='ocrx_word' id='word_1_233' title='bbox 346 3391 460 3445; x_wconf 75' lang='lat' dir='ltr'>Urbinas</span> <span class='ocrx_word' id='word_1_234' title='bbox 478 3402 504 3444; x_wconf 89' lang='lat' dir='ltr'>et</span> <span class='ocrx_word' id='word_1_235' title='bbox 523 3391 621 3460; x_wconf 86' lang='lat' dir='ltr'>primus</span> <span class='ocrx_word' id='word_1_236' title='bbox 668 3396 751 3447; x_wconf 84' lang='lat' dir='ltr'>aDco</span> <span class='ocrx_word' id='word_1_237' title='bbox 771 3395 889 3460; x_wconf 78' lang='lat' dir='ltr'>incitati,</span> <span class='ocrx_word' id='word_1_238' title='bbox 909 3412 988 3462; x_wconf 86' lang='lat' dir='ltr'>quam</span> <span class='ocrx_word' id='word_1_239' title='bbox 1007 3394 1050 3462; x_wconf 88' lang='lat' dir='ltr'>qui</span> <span class='ocrx_word' id='word_1_240' title='bbox 1069 3396 1173 3447; x_wconf 78' lang='lat' dir='ltr'>lr&#39;br&#39;dr&#39;se</span> 
     </span>
     <span class='ocr_line' id='line_1_29' title="bbox 115 3470 1170 3537; baseline 0 -12"><span class='ocrx_word' id='word_1_241' title='bbox 115 3471 251 3525; x_wconf 80' lang='lat' dir='ltr'>Palatinus</span> <span class='ocrx_word' id='word_1_242' title='bbox 261 3481 361 3525; x_wconf 74' lang='lat' dir='ltr'>mutate</span> <span class='ocrx_word' id='word_1_243' title='bbox 372 3470 534 3527; x_wconf 85' lang='lat' dir='ltr'>distinctione</span> <span class='ocrx_word' id='word_1_244' title='bbox 544 3477 621 3537; x_wconf 72' lang='lat' dir='ltr'>,meir</span> <span class='ocrx_word' id='word_1_245' title='bbox 669 3473 728 3527; x_wconf 78' lang='lat' dir='ltr'>vieti</span> <span class='ocrx_word' id='word_1_246' title='bbox 740 3482 836 3525; x_wconf 71' lang='lat' dir='ltr'>ornant</span> <span class='ocrx_word' id='word_1_247' title='bbox 847 3500 880 3512; x_wconf 89' lang='lat'>-</span> <span class='ocrx_word' id='word_1_248' title='bbox 894 3473 967 3525; x_wconf 68' lang='lat' dir='ltr'>Ussit</span> <span class='ocrx_word' id='word_1_249' title='bbox 981 3481 1007 3525; x_wconf 83' lang='lat' dir='ltr'>e!</span> <span class='ocrx_word' id='word_1_250' title='bbox 1020 3479 1087 3534; x_wconf 66' lang='lat' dir='ltr'>tritt</span> <span class='ocrx_word' id='word_1_251' title='bbox 1107 3471 1170 3525; x_wconf 79' lang='lat' dir='ltr'>otim</span> 
     </span>
     <span class='ocr_line' id='line_1_30' title="bbox 116 3545 1173 3617; baseline 0.007 -22"><span class='ocrx_word' id='word_1_252' title='bbox 116 3545 333 3613; x_wconf 60' lang='lat' dir='ltr'>cupitam-Codes</span> <span class='ocrx_word' id='word_1_253' title='bbox 343 3548 621 3602; x_wconf 78' lang='lat' dir='ltr'>nosterArnalelrabet</span> <span class='ocrx_word' id='word_1_254' title='bbox 668 3549 794 3603; x_wconf 76' lang='lat' dir='ltr'>edebatur</span> <span class='ocrx_word' id='word_1_255' title='bbox 811 3559 881 3617; x_wconf 67' lang='lat' dir='ltr'>urget</span> <span class='ocrx_word' id='word_1_256' title='bbox 892 3559 918 3604; x_wconf 79' lang='lat' dir='ltr'>et</span> <span class='ocrx_word' id='word_1_257' title='bbox 935 3554 1003 3614; x_wconf 68' lang='lat' dir='ltr'>uret,</span> <span class='ocrx_word' id='word_1_258' title='bbox 1020 3548 1065 3603; x_wconf 89' lang='lat' dir='ltr'>sed</span> <span class='ocrx_word' id='word_1_259' title='bbox 1082 3555 1133 3602; x_wconf 83' lang='lat' dir='ltr'>nre&#39;t</span> <span class='ocrx_word' id='word_1_260' title='bbox 1146 3558 1173 3602; x_wconf 80' lang='lat' dir='ltr'>et</span> 
     </span>
     <span class='ocr_line' id='line_1_31' title="bbox 119 3624 1171 3696; baseline 0.006 -24"><span class='ocrx_word' id='word_1_261' title='bbox 119 3624 621 3692; x_wconf 62' lang='lat' dir='ltr'>reducepirtltlmi:cuprumsensus</span> <span class='ocrx_word' id='word_1_262' title='bbox 668 3633 734 3679; x_wconf 76' lang='lat' dir='ltr'>ussit</span> <span class='ocrx_word' id='word_1_263' title='bbox 751 3627 804 3694; x_wconf 87' lang='lat' dir='ltr'>jam</span> <span class='ocrx_word' id='word_1_264' title='bbox 825 3625 937 3679; x_wconf 84' lang='lat' dir='ltr'>Ciofano</span> <span class='ocrx_word' id='word_1_265' title='bbox 955 3627 1070 3696; x_wconf 71' lang='lat' dir='ltr'>placebat</span> <span class='ocrx_word' id='word_1_266' title='bbox 1091 3646 1105 3680; x_wconf 89' lang='lat' dir='ltr'>e</span> <span class='ocrx_word' id='word_1_267' title='bbox 1122 3644 1171 3680; x_wconf 88' lang='lat' dir='ltr'>suo</span> 
     </span>
     <span class='ocr_line' id='line_1_32' title="bbox 119 3698 1170 3774; baseline 0.007 -24"><span class='ocrx_word' id='word_1_268' title='bbox 119 3708 162 3751; x_wconf 86' lang='lat' dir='ltr'>est</span> <span class='ocrx_word' id='word_1_269' title='bbox 180 3698 292 3752; x_wconf 85' lang='lat' dir='ltr'>nimium</span> <span class='ocrx_word' id='word_1_270' title='bbox 307 3713 461 3769; x_wconf 50' lang='lat' dir='ltr'>contortum</span> <span class='ocrx_word' id='word_1_271' title='bbox 480 3702 569 3756; x_wconf 82' lang='lat' dir='ltr'>Codex</span> <span class='ocrx_word' id='word_1_272' title='bbox 581 3703 619 3771; x_wconf 90' lang='lat' dir='ltr'>B,</span> <span class='ocrx_word' id='word_1_273' title='bbox 669 3704 767 3757; x_wconf 73' lang='lat' dir='ltr'>Codice</span> <span class='ocrx_word' id='word_1_274' title='bbox 785 3715 811 3756; x_wconf 91' lang='lat' dir='ltr'>et</span> <span class='ocrx_word' id='word_1_275' title='bbox 825 3703 925 3758; x_wconf 80' lang='lat' dir='ltr'>Caelest</span> <span class='ocrx_word' id='word_1_276' title='bbox 944 3704 1017 3758; x_wconf 89' lang='lat' dir='ltr'>ldem</span> <span class='ocrx_word' id='word_1_277' title='bbox 1035 3716 1123 3774; x_wconf 81' lang='lat' dir='ltr'>postea</span> <span class='ocrx_word' id='word_1_278' title='bbox 1142 3705 1170 3757; x_wconf 87' lang='lat' dir='ltr'>in</span> 
     </span>
     <span class='ocr_line' id='line_1_33' title="bbox 114 3779 1170 3852; baseline 0 -22"><span class='ocrx_word' id='word_1_279' title='bbox 114 3779 197 3830; x_wconf 74' lang='lat' dir='ltr'>tedr&#39;er</span> <span class='ocrx_word' id='word_1_280' title='bbox 210 3784 328 3844; x_wconf 76' lang='lat' dir='ltr'>cepti...</span> <span class='ocrx_word' id='word_1_281' title='bbox 339 3788 453 3851; x_wconf 78' lang='lat' dir='ltr'>cupiam,</span> <span class='ocrx_word' id='word_1_282' title='bbox 471 3782 515 3835; x_wconf 90' lang='lat' dir='ltr'>sed</span> <span class='ocrx_word' id='word_1_283' title='bbox 528 3783 621 3836; x_wconf 88' lang='lat' dir='ltr'>melior</span> <span class='ocrx_word' id='word_1_284' title='bbox 668 3782 783 3851; x_wconf 83' lang='lat' dir='ltr'>pluribus</span> <span class='ocrx_word' id='word_1_285' title='bbox 794 3784 839 3848; x_wconf 85' lang='lat' dir='ltr'>(et</span> <span class='ocrx_word' id='word_1_286' title='bbox 851 3784 877 3834; x_wconf 91' lang='lat' dir='ltr'>in</span> <span class='ocrx_word' id='word_1_287' title='bbox 889 3783 984 3836; x_wconf 82' lang='lat' dir='ltr'>nostris</span> <span class='ocrx_word' id='word_1_288' title='bbox 997 3783 1100 3852; x_wconf 66' lang='lat' dir='ltr'>Regiis,</span> <span class='ocrx_word' id='word_1_289' title='bbox 1113 3798 1170 3832; x_wconf 83' lang='lat' dir='ltr'>rna-</span> 
     </span>
     <span class='ocr_line' id='line_1_34' title="bbox 113 3858 1170 3928; baseline 0.004 -22"><span class='ocrx_word' id='word_1_290' title='bbox 113 3864 154 3906; x_wconf 85' lang='lat' dir='ltr'>est</span> <span class='ocrx_word' id='word_1_291' title='bbox 169 3865 280 3924; x_wconf 66' lang='lat' dir='ltr'>recepte</span> <span class='ocrx_word' id='word_1_292' title='bbox 295 3858 343 3912; x_wconf 83' lang='lat' dir='ltr'>Ed.</span> <span class='ocrx_word' id='word_1_293' title='bbox 355 3886 389 3898; x_wconf 96' lang='lat'><em>-</em></span> <span class='ocrx_word' id='word_1_294' title='bbox 406 3862 492 3910; x_wconf 77' lang='lat' dir='ltr'>Tedr&#39;a</span> <span class='ocrx_word' id='word_1_295' title='bbox 505 3865 619 3926; x_wconf 81' lang='lat' dir='ltr'>capiam,</span> <span class='ocrx_word' id='word_1_296' title='bbox 667 3859 713 3911; x_wconf 93' lang='lat' dir='ltr'>lim</span> <span class='ocrx_word' id='word_1_297' title='bbox 721 3867 790 3926; x_wconf 65' lang='lat' dir='ltr'>urget</span> <span class='ocrx_word' id='word_1_298' title='bbox 799 3869 824 3912; x_wconf 79' lang='lat' dir='ltr'>et</span> <span class='ocrx_word' id='word_1_299' title='bbox 831 3866 886 3912; x_wconf 75' lang='lat' dir='ltr'>urit.</span> <span class='ocrx_word' id='word_1_300' title='bbox 899 3858 969 3928; x_wconf 85' lang='lat' dir='ltr'>Ed.)</span> <span class='ocrx_word' id='word_1_301' title='bbox 981 3869 1115 3928; x_wconf 87' lang='lat' dir='ltr'>repertum</span> <span class='ocrx_word' id='word_1_302' title='bbox 1124 3874 1170 3906; x_wconf 84' lang='lat' dir='ltr'>ve-</span> 
     </span>
     <span class='ocr_line' id='line_1_35' title="bbox 113 3933 1174 4007; baseline -0.008 -18"><span class='ocrx_word' id='word_1_303' title='bbox 113 3951 162 4001; x_wconf 84' lang='lat' dir='ltr'>pro</span> <span class='ocrx_word' id='word_1_304' title='bbox 175 3933 288 4004; x_wconf 71' lang='lat' dir='ltr'>vulgati,</span> <span class='ocrx_word' id='word_1_305' title='bbox 301 3936 546 4006; x_wconf 82' lang='lat' dir='ltr'>taediacapientme.</span> <span class='ocrx_word' id='word_1_306' title='bbox 556 3937 619 3989; x_wconf 83' lang='lat' dir='ltr'>Lau·</span> <span class='ocrx_word' id='word_1_307' title='bbox 668 3938 771 3993; x_wconf 88' lang='lat' dir='ltr'>teribus.</span> <span class='ocrx_word' id='word_1_308' title='bbox 786 3939 908 3992; x_wconf 82' lang='lat' dir='ltr'>Heinsius</span> <span class='ocrx_word' id='word_1_309' title='bbox 918 3939 1078 4007; x_wconf 86' lang='lat' dir='ltr'>conjecturat</span> <span class='ocrx_word' id='word_1_310' title='bbox 1088 3938 1174 3985; x_wconf 74' lang='lat' dir='ltr'>arctet</span> 
     </span>
     <span class='ocr_line' id='line_1_36' title="bbox 113 4008 1170 4084; baseline -0.003 -23"><span class='ocrx_word' id='word_1_311' title='bbox 113 4008 159 4063; x_wconf 80' lang='lat' dir='ltr'>dat</span> <span class='ocrx_word' id='word_1_312' title='bbox 173 4010 264 4064; x_wconf 86' lang='lat' dir='ltr'>Bnrns.</span> <span class='ocrx_word' id='word_1_313' title='bbox 282 4010 365 4066; x_wconf 86' lang='lat' dir='ltr'>Corn.</span> <span class='ocrx_word' id='word_1_314' title='bbox 386 4014 452 4082; x_wconf 87' lang='lat' dir='ltr'>Nep.</span> <span class='ocrx_word' id='word_1_315' title='bbox 471 4013 538 4082; x_wconf 87' lang='lat' dir='ltr'>apud</span> <span class='ocrx_word' id='word_1_316' title='bbox 556 4012 620 4066; x_wconf 92' lang='lat' dir='ltr'>Gel·</span> <span class='ocrx_word' id='word_1_317' title='bbox 666 4025 729 4075; x_wconf 70' lang='lat' dir='ltr'>urat.</span> <span class='ocrx_word' id='word_1_318' title='bbox 736 4015 904 4069; x_wconf 86' lang='lat' dir='ltr'>Burmannus</span> <span class='ocrx_word' id='word_1_319' title='bbox 911 4012 1103 4084; x_wconf 70' lang='lat' dir='ltr'>preferendum</span> <span class='ocrx_word' id='word_1_320' title='bbox 1111 4028 1170 4060; x_wconf 88' lang='lat' dir='ltr'>cen·</span> 
     </span>
     <span class='ocr_line' id='line_1_37' title="bbox 112 4086 1170 4158; baseline 0.003 -20"><span class='ocrx_word' id='word_1_321' title='bbox 112 4086 276 4157; x_wconf 83' lang='lat' dir='ltr'>tium,v11,</span> <span class='ocrx_word' id='word_1_322' title='bbox 292 4092 339 4158; x_wconf 73' lang='grc' dir='ltr'>ιδ,</span> <span class='ocrx_word' id='word_1_323' title='bbox 356 4093 501 4146; x_wconf 78' lang='lat' dir='ltr'>Uttedr&#39;um</span> <span class='ocrx_word' id='word_1_324' title='bbox 512 4097 568 4144; x_wconf 80' lang='lat' dir='ltr'>vr&#39;te</span> <span class='ocrx_word' id='word_1_325' title='bbox 580 4110 620 4143; x_wconf 85' lang='lat' dir='ltr'>ce·</span> <span class='ocrx_word' id='word_1_326' title='bbox 666 4094 738 4149; x_wconf 81' lang='lat' dir='ltr'>sebat</span> <span class='ocrx_word' id='word_1_327' title='bbox 754 4101 821 4148; x_wconf 81' lang='lat' dir='ltr'>ussit</span> <span class='ocrx_word' id='word_1_328' title='bbox 835 4106 862 4148; x_wconf 77' lang='lat' dir='ltr'>et</span> <span class='ocrx_word' id='word_1_329' title='bbox 876 4101 939 4153; x_wconf 76' lang='lat' dir='ltr'>erit,</span> <span class='ocrx_word' id='word_1_330' title='bbox 961 4103 991 4146; x_wconf 91' lang='lat' dir='ltr'>ut</span> <span class='ocrx_word' id='word_1_331' title='bbox 1005 4110 1032 4145; x_wconf 90' lang='lat' dir='ltr'>se</span> <span class='ocrx_word' id='word_1_332' title='bbox 1048 4087 1170 4141; x_wconf 85' lang='lat' dir='ltr'>nondum</span> 
     </span>
     <span class='ocr_line' id='line_1_38' title="bbox 109 4165 1170 4243; baseline -0.003 -20"><span class='ocrx_word' id='word_1_333' title='bbox 109 4169 201 4230; x_wconf 57' lang='lat' dir='ltr'>lenit!-</span> <span class='ocrx_word' id='word_1_334' title='bbox 217 4165 324 4223; x_wconf 79' lang='lat' dir='ltr'>Diclttm</span> <span class='ocrx_word' id='word_1_335' title='bbox 343 4189 407 4238; x_wconf 78' lang='lat' dir='ltr'>ergo</span> <span class='ocrx_word' id='word_1_336' title='bbox 423 4179 461 4222; x_wconf 87' lang='lat' dir='ltr'>est</span> <span class='ocrx_word' id='word_1_337' title='bbox 478 4180 506 4222; x_wconf 90' lang='lat' dir='ltr'>ut</span> <span class='ocrx_word' id='word_1_338' title='bbox 525 4172 621 4237; x_wconf 59' lang='lat' dir='ltr'>panda</span> <span class='ocrx_word' id='word_1_339' title='bbox 668 4173 789 4227; x_wconf 77' lang='lat' dir='ltr'>desistere</span> <span class='ocrx_word' id='word_1_340' title='bbox 801 4192 874 4243; x_wconf 85' lang='lat' dir='ltr'>posse</span> <span class='ocrx_word' id='word_1_341' title='bbox 886 4171 991 4224; x_wconf 78' lang='lat' dir='ltr'>indicet.</span> <span class='ocrx_word' id='word_1_342' title='bbox 1007 4170 1077 4221; x_wconf 88' lang='lat' dir='ltr'>Eum</span> <span class='ocrx_word' id='word_1_343' title='bbox 1092 4165 1170 4220; x_wconf 90' lang='lat' dir='ltr'>ordi-</span> 
     </span>
     <span class='ocr_line' id='line_1_39' title="bbox 113 4245 1171 4318; baseline 0.001 -18"><span class='ocrx_word' id='word_1_344' title='bbox 113 4262 217 4309; x_wconf 64' lang='grc' dir='ltr'>ΝΜ,</span> <span class='ocrx_word' id='word_1_345' title='bbox 232 4257 257 4300; x_wconf 84' lang='lat' dir='ltr'>et</span> <span class='ocrx_word' id='word_1_346' title='bbox 269 4246 338 4318; x_wconf 79' lang='lat' dir='ltr'>apud</span> <span class='ocrx_word' id='word_1_347' title='bbox 350 4248 406 4302; x_wconf 81' lang='lat' dir='ltr'>cie</span> <span class='ocrx_word' id='word_1_348' title='bbox 415 4248 621 4317; x_wconf 79' lang='lat' dir='ltr'>Quint31,ca-</span> <span class='ocrx_word' id='word_1_349' title='bbox 668 4269 730 4304; x_wconf 92' lang='lat' dir='ltr'>nem</span> <span class='ocrx_word' id='word_1_350' title='bbox 751 4270 800 4304; x_wconf 81' lang='lat' dir='ltr'>nos</span> <span class='ocrx_word' id='word_1_351' title='bbox 818 4247 984 4302; x_wconf 81' lang='lat' dir='ltr'>restituimus.</span> <span class='ocrx_word' id='word_1_352' title='bbox 1003 4245 1064 4310; x_wconf 78' lang='lat' dir='ltr'>sie,</span> <span class='ocrx_word' id='word_1_353' title='bbox 1082 4245 1171 4311; x_wconf 81' lang='lat' dir='ltr'>Vlll,</span> 
     </span>
     <span class='ocr_line' id='line_1_40' title="bbox 110 4323 1172 4394; baseline -0.001 -16"><span class='ocrx_word' id='word_1_354' title='bbox 110 4340 173 4389; x_wconf 73' lang='lat' dir='ltr'>pete</span> <span class='ocrx_word' id='word_1_355' title='bbox 182 4328 385 4390; x_wconf 63' lang='lat' dir='ltr'>msericordian,</span> <span class='ocrx_word' id='word_1_356' title='bbox 397 4327 522 4380; x_wconf 80' lang='lat' dir='ltr'>misereri.</span> <span class='ocrx_word' id='word_1_357' title='bbox 530 4325 621 4378; x_wconf 81' lang='lat' dir='ltr'>Libra·</span> <span class='ocrx_word' id='word_1_358' title='bbox 667 4327 732 4394; x_wconf 79' lang='lat'>³50,</span> <span class='ocrx_word' id='word_1_359' title='bbox 753 4334 780 4381; x_wconf 83' lang='lat' dir='ltr'>sr&#39;</span> <span class='ocrx_word' id='word_1_360' title='bbox 794 4340 819 4380; x_wconf 82' lang='lat' dir='ltr'>le</span> <span class='ocrx_word' id='word_1_361' title='bbox 837 4329 948 4391; x_wconf 77' lang='lat' dir='ltr'>coluique</span> <span class='ocrx_word' id='word_1_362' title='bbox 961 4327 1079 4391; x_wconf 69' lang='lat' dir='ltr'>coloque,</span> <span class='ocrx_word' id='word_1_363' title='bbox 1098 4323 1172 4390; x_wconf 82' lang='grc' dir='ltr'>ΧΗ,</span> 
     </span>
     <span class='ocr_line' id='line_1_41' title="bbox 115 4395 1173 4471; baseline 0.004 -18"><span class='ocrx_word' id='word_1_364' title='bbox 115 4401 147 4454; x_wconf 87' lang='lat' dir='ltr'>rii</span> <span class='ocrx_word' id='word_1_365' title='bbox 159 4401 209 4456; x_wconf 88' lang='lat' dir='ltr'>boc</span> <span class='ocrx_word' id='word_1_366' title='bbox 219 4403 277 4459; x_wconf 81' lang='lat' dir='ltr'>loro</span> <span class='ocrx_word' id='word_1_367' title='bbox 289 4405 388 4459; x_wconf 78' lang='lat' dir='ltr'>haesere</span> <span class='ocrx_word' id='word_1_368' title='bbox 402 4405 430 4458; x_wconf 91' lang='lat' dir='ltr'>in</span> <span class='ocrx_word' id='word_1_369' title='bbox 442 4405 489 4458; x_wconf 82' lang='lat' dir='ltr'>hae</span> <span class='ocrx_word' id='word_1_370' title='bbox 502 4403 620 4457; x_wconf 78' lang='lat' dir='ltr'>formula.</span> <span class='ocrx_word' id='word_1_371' title='bbox 671 4407 731 4470; x_wconf 76' lang='lat'>114,</span> <span class='ocrx_word' id='word_1_372' title='bbox 753 4407 840 4456; x_wconf 74' lang='lat' dir='ltr'>Voluit</span> <span class='ocrx_word' id='word_1_373' title='bbox 852 4420 906 4452; x_wconf 77' lang='lat' dir='ltr'>mea</span> <span class='ocrx_word' id='word_1_374' title='bbox 916 4395 1005 4453; x_wconf 72' lang='lat' dir='ltr'>dextra</span> <span class='ocrx_word' id='word_1_375' title='bbox 1015 4405 1173 4471; x_wconf 71' lang='lat' dir='ltr'>valum·-</span> 
     </span>
     <span class='ocr_line' id='line_1_42' title="bbox 118 4478 970 4549; baseline -0.001 -17"><span class='ocrx_word' id='word_1_376' title='bbox 118 4478 328 4537; x_wconf 79' lang='lat' dir='ltr'>Notatorautem</span> <span class='ocrx_word' id='word_1_377' title='bbox 338 4482 364 4537; x_wconf 89' lang='lat' dir='ltr'>b.</span> <span class='ocrx_word' id='word_1_378' title='bbox 376 4483 391 4538; x_wconf 85' lang='lat' dir='ltr'>l.</span> <span class='ocrx_word' id='word_1_379' title='bbox 402 4483 478 4537; x_wconf 85' lang='lat' dir='ltr'>tristis</span> <span class='ocrx_word' id='word_1_380' title='bbox 485 4501 540 4536; x_wconf 80' lang='lat' dir='ltr'>sors</span> <span class='ocrx_word' id='word_1_381' title='bbox 548 4482 604 4549; x_wconf 80' lang='lat' dir='ltr'>ejus</span> <span class='ocrx_word' id='word_1_382' title='bbox 608 4520 618 4548; x_wconf 84' lang='lat'>,</span> <span class='ocrx_word' id='word_1_383' title='bbox 670 4485 811 4542; x_wconf 66' lang='lat' dir='ltr'>planezas,</span> <span class='ocrx_word' id='word_1_384' title='bbox 826 4496 928 4533; x_wconf 81' lang='lat' dir='ltr'>summa</span> <span class='ocrx_word' id='word_1_385' title='bbox 939 4478 970 4531; x_wconf 87' lang='lat' dir='ltr'>vi.</span> 
     </span>
    </p>
   </div>
   <div class='ocr_carea' id='block_1_4' title="bbox 0 0 1358 5094">
    <p class='ocr_par' dir='ltr' id='par_1_12' title="bbox 0 0 1358 5094">
     <span class='ocr_line' id='line_1_43' title="bbox 0 0 1358 5094; baseline 0 2"><span class='ocrx_word' id='word_1_386' title='bbox 0 0 1358 5094; x_wconf 95' lang='lat' dir='ltr'> </span> 
     </span>
    </p>
   </div>
  </div>
 </body>
</html>
