2760 4710
304 330 814 400 METAMORPHOSEON
836 334 933 402 LIB.
960 336 1068 404 XIV.
1151 337 1213 421 461

151 472 262 570 Figit,
276 489 309 546 et
325 472 430 545 iratus
445 469 558 567 longis
577 471 634 545 dat
651 472 788 546 vulnera
805 474 915 548 ramis.

151 590 363 690 Purpureum
380 584 562 688 chlamydis
575 616 692 689 pennae
709 604 835 662 traxere
850 587 1014 662 colorem:

151 702 275 778 Fibula
291 702 383 804 quod
400 703 528 790 suerat,
546 722 735 804 vestemque
750 703 973 778 momorderat
988 727 1126 799 aurum,

150 821 273 898 Pluma
289 820 344 910 fit;
367 839 399 895 et
413 818 504 895 fulvo
522 821 630 896 cervix
646 822 860 922 praecingitur
874 849 955 895 auro
971 851 979 908 3
1173 845 1223 918 ³95

153 940 225 1015 Nec
244 937 426 1039 quidquam
442 937 573 1038 antiqui
588 936 691 1027 Pico,
708 936 772 1011 nisi
786 937 941 1028 nomina,
960 956 1071 1013 restat.

204 1058 334 1130 Interea
352 1055 490 1130 comites
507 1054 647 1130 clamato
665 1083 750 1156 saepe
768 1083 829 1155 per
843 1083 941 1150 agros

153 1169 386 1269 Nequicquam
404 1169 503 1258 Pico,
520 1167 678 1270 nullaque
693 1169 729 1241 in
744 1186 839 1269 parte
855 1185 1004 1270 reperto,

154 1285 336 1360 Inveniunt
353 1285 491 1371 Circen;
508 1313 586 1358 nam
601 1285 668 1383 jam
685 1303 874 1360 tenuaverat
889 1314 1005 1375 auras,

156 1402 324 1503 Passaque
340 1421 410 1476 erat
425 1401 565 1477 nebulas
582 1404 689 1476 ventis
704 1431 741 1476 ac
757 1400 835 1477 Sole
853 1402 972 1477 resolvi
985 1433 993 1490 ;
1174 1426 1225 1497 4⁰⁰

157 1515 430 1617 Criminibusque
445 1533 605 1616 premunt
619 1517 727 1604 veris;
746 1544 922 1617 regemque
940 1535 1141 1619 reposcunt;

157 1633 302 1733 Vimque
319 1633 450 1722 lerunt3
470 1634 630 1734 saevisque
645 1651 765 1735 parant
780 1634 941 1708 incessere
960 1634 1044 1709 telis

157 1744 221 1821 llla
238 1774 361 1822 nocens
377 1747 507 1849 spargit
523 1749 629 1834 virus,
646 1774 830 1847 succosque
846 1748 984 1821 veneni:

159 1865 208 1937 Et
222 1866 384 1954 Noctem,
401 1865 584 1965 Noctisque
603 1864 695 1938 Deos
712 1865 891 1966 Ereboque
908 1866 1067 1968 Chaoque

164 1978 354 2066 Convocat,
371 1996 406 2052 et
420 1977 532 2075 longis
548 1980 696 2053 Hecaten
712 1977 896 2052 ululatibus
914 1998 996 2053 orat.
1180 2002 1230 2071 405

160 2144 269 2199 terdum
279 2147 335 2214 seri
350 2146 487 2214 dicantur,
506 2166 562 2200 non
580 2158 671 2202 tamen
718 2147 863 2219 buo-Nec
870 2149 1003 2215 quidquam
1010 2151 1135 2216 antiqui...
1143 2158 1229 2202 restat.

160 2233 284 2292 apparet,
299 2243 348 2277 cur
358 2223 408 2278 boc
425 2224 482 2279 loco
494 2237 572 2294 poeta
582 2231 673 2280 robora
719 2225 808 2297 Vulgo
816 2231 955 2296 antiquum·
965 2226 1162 2296 mutatorium·
1170 2229 1231 2281 Flo·

159 2302 381 2373 eodemepitlreto
388 2303 557 2374 insigniverit.
566 2306 623 2374 Qui
633 2306 671 2360 nil
719 2304 839 2357 rentinus
848 2309 952 2372 ariique,
961 2303 1032 2373 quod
1043 2303 1138 2372 placuit
1146 2307 1230 2358 Hein-

159 2384 270 2438 molitur
287 2385 394 2454 inepte,
413 2384 526 2438 isetiam
541 2386 568 2438 in
579 2385 672 2439 talibus
718 2383 757 2435 sio
767 2423 774 2449 ,
783 2382 884 2451 quiete
893 2382 980 2436 multis
992 2383 1230 2452 recepitrrstarpro

161 2461 271 2531 diligens
282 2473 329 2516 est.
340 2462 395 2516 Sed
407 2482 457 2518 nec
465 2463 569 2517 Heinsii
578 2481 673 2515 emen·
718 2461 885 2515 restantrlroc
891 2460 1230 2530 Burmanndelendiposse

162 2540 233 2594 datio
246 2542 347 2610 placet,
358 2543 490 2610 durosem
500 2547 585 2595 robore
592 2551 674 2596 rostra
720 2540 804 2594 docet.
818 2569 851 2580 -
864 2540 940 2610 Regii
953 2539 1056 2595 codices
1068 2540 1146 2592 ambo
1158 2544 1232 2592 arti-

162 2620 252 2686 megia.
264 2620 378 2672 Duriir'es
390 2618 467 2673 rostri
479 2620 530 2689 pici
542 2629 604 2673 nota
617 2629 673 2672 est:
720 2639 793 2689 quum
806 2628 834 2672 et
844 2628 930 2672 restat.

164 2693 283 2748 acumine
296 2695 353 2765 ejus
364 2708 477 2751 cuneato
484 2696 616 2750 foramina
626 2696 674 2751 la·
753 2699 810 2772 397.
822 2700 920 2753 Interea
932 2703 1036 2750 comites
1048 2708 1097 2751 etc.
1116 2695 1232 2750 Mutatio

162 2772 237 2826 sitin
250 2773 402 2842 arboribus,
422 2784 451 2828 ut
462 2774 502 2828 rel
515 2775 612 2830 insecta
625 2776 674 2829 sub
721 2778 848 2832 comitum
860 2788 887 2829 et
897 2777 1217 2845 conjugis-Terrorem!
1223 2813 1232 2838 ,

155 2853 258 2926 *cortice
276 2854 384 2908 latentia
401 2857 555 2925 protrahat,
574 2857 613 2910 vel
626 2857 674 2910 ni·
721 2857 830 2910 remotis
842 2855 928 2909 densis
948 2854 1061 2909 nubibus
1073 2873 1080 2907 ε
1092 2853 1152 2907 vide
1166 2872 1233 2907 vers.

164 2932 229 2988 dum
239 2944 329 2989 struat
341 2935 419 2990 Hanc
432 2955 536 3006 quoque
551 2936 609 3006 ejus
620 2956 674 2990 na·
722 2935 779 3008 359.
794 2963 827 2976 -
843 2937 959 2996 Resolri,
978 2932 1103 3001 dissipari.
1118 2931 1233 3001 Elegan-

164 3012 378 3067 turamelabula
390 3024 465 3084 poeta
478 3015 580 3084 repetit
593 3015 675 3068 Plura
723 3013 773 3066 tius
793 3014 950 3066 Burmanno
962 3010 1101 3064 videbatur
1116 3013 1228 3073 recludi,

163 3101 227 3145 sunt
244 3090 362 3160 picorum
374 3113 488 3163 genem
506 3093 552 3147 sed
571 3093 675 3147 nullum
722 3089 1003 3158 quodbabentnovern
1014 3089 1095 3142 MSS.
1102 3087 1233 3156 Equidem

164 3187 210 3224 eos
216 3171 315 3224 colores
323 3169 421 3238 refert,
435 3171 677 3238 quoshiccomme-
722 3181 813 3238 putem
822 3172 920 3222 recludi
926 3170 1021 3223 rectius
1029 3168 1080 3222 dici
1088 3168 1180 3223 calum
1189 3187 1237 3222 nu·

164 3257 260 3300 morat.
271 3248 372 3301 Penne
382 3248 501 3316 plurimae
510 3247 591 3317 nigre
598 3259 675 3312 sunt,
722 3247 797 3302 bibus
810 3248 962 3301 obductum.
970 3276 1003 3288 ·-
1013 3251 1163 3303 Criminibus
1169 3267 1235 3316 pre-

165 3324 214 3378 nisi
228 3324 297 3395 quod
315 3325 343 3378 in
360 3323 443 3394 capite
457 3325 589 3379 cerviceve
608 3327 676 3396 pileo
724 3335 804 3386 murt,
819 3337 914 3395 urgent
927 3326 1101 3380 criminando.
1121 3329 1235 3379 Premere

165 3402 287 3456 eoocineo
296 3414 341 3456 aut
349 3402 451 3456 macula
459 3402 538 3455 rubra
548 3402 677 3458 definere
723 3406 761 3459 sic
773 3406 888 3459 absolute
904 3406 973 3476 apud
987 3406 1043 3460 Cic.
1057 3406 1117 3459 niv.
1132 3406 1177 3470 ll,
1195 3423 1235 3456 πο.

167 3490 238 3535 sunt
250 3479 329 3534 Picus
336 3481 422 3549 major
430 3479 458 3532 iu
470 3480 543 3534 ltalia
552 3480 678 3551 frequens
758 3486 814 3551 404
834 3485 989 3539 Lectionem
1001 3487 1130 3551 Ereboque
1144 3484 1234 3535 Chao-

169 3557 401 3612 etiamsubeauda
414 3558 512 3627 aliquid
523 3559 679 3614 ruborisha·
725 3580 771 3629 que
782 3572 871 3615 tuetur
889 3561 969 3617 etiam
989 3561 1153 3624 Priscianus,
1172 3559 1235 3623 vt,

168 3639 222 3693 bet.
234 3636 326 3706 ltaque
339 3637 465 3691 Nostrum
477 3635 565 3693 lusisse
586 3650 678 3710 putes,
726 3657 751 3707 p.
765 3660 826 3709 720,
839 3641 883 3709 qui
898 3640 1020 3710 exponit,
1034 3639 1065 3691 ab
1078 3636 1168 3690 Erebo
1179 3645 1206 3688 et
1221 3654 1236 3687 a

170 3734 255 3788 quum
267 3716 346 3769 etiam
359 3717 432 3786 nigra
444 3718 679 3788 interdumpurpn-
729 3716 812 3771 Chao.
825 3717 933 3771 EChao
947 3717 1048 3771 Erebus
1059 3727 1085 3768 et
1098 3713 1238 3776 Nornati;

168 3813 213 3848 rea
223 3792 345 3845 dicantur
358 3833 365 3860 ,
384 3803 414 3847 ut
433 3814 502 3849 mare
509 3816 658 3864 purpureum
670 3836 678 3861 ,
728 3794 838 3849 Hesiod.
846 3795 947 3862 Theog.
958 3795 1012 3847 123.
1022 3792 1102 3844 Erebi
1111 3801 1139 3844 et
1147 3791 1238 3844 Noctis

170 3877 211 3932 ἃλς
225 3873 496 3946 sopfupimra.-Jam
508 3875 678 3929 ordoverbo·
727 3874 781 3927 nati
795 3873 994 3926 nominantura
1008 3868 1065 3922 Cic.
1078 3869 1138 3922 Nat.
1155 3868 1238 3923 Deor.

171 3966 234 4001 rum
244 3988 251 4014 ,
262 3949 371 4007 Aurum.
385 3951 643 4020 quodfibulasuerai,
656 3961 683 4006 el
729 3951 787 4018 111,
806 3972 853 4018 17,
870 3946 971 4013 Dolor,
985 3947 1094 4012 Metus,
1107 3944 1238 4000 Inriden-

169 4034 263 4079 vesiem
273 4031 442 4080 momorderat.
455 4029 496 4081 De
505 4033 614 4083 mordere
620 4030 680 4083 vide
727 4027 779 4095 tia,
788 4027 874 4091 Mors,
884 4023 1026 4088 Tenebrae,
1034 4023 1149 4086 Miseria,
1160 4022 1238 4091 Que-

168 4102 201 4166 ud
213 4104 301 4172 viil,
314 4105 380 4170 3183
394 4104 426 4160 de
440 4114 591 4179 precinere
603 4107 636 4163 ad
649 4109 679 4177 l,
728 4105 800 4176 tela,
820 4106 904 4160 Fraus
917 4112 965 4156 etc.
985 4130 1017 4145 ·-
1032 4105 1237 4174 lorer'uislatus
