2760 4710
306 347 828 420 METAMORPHOSEON
855 353 954 421 ΠΒ.
986 353 1070 421 XV.
1121 427 1127 442 ᾗ,
1161 352 1228 447 549

156 489 232 563 lluc
251 516 286 563 se
299 486 340 562 de
358 491 452 564 Latia
470 490 553 593 pinu
570 489 751 567 Phebeius
769 494 887 590 anguis

157 604 334 694 Contulit,
352 623 386 679 et
400 605 519 695 finem,
538 608 648 709 specie
664 607 790 683 caeleste
807 627 972 699 resumta,

156 718 321 794 Luctibus
337 719 516 822 imposuit,
534 723 690 823 venitque
708 721 856 798 salutifer
874 722 971 796 Urbi.

206 837 301 909 Vlll.
321 836 387 910 Hic
404 855 512 912 tamen
529 839 667 913 accessit
682 836 830 912 delubris
844 836 966 912 advena
983 840 1129 916 nostris:
1179 861 1228 935 745

55 1008 60 1017 ·
158 953 267 1028 Cesar
282 953 318 1027 in
334 955 419 1028 urbe
437 984 497 1031 sna
514 956 607 1031 Deus
626 973 677 1030 est
691 985 699 1030 ε
715 984 814 1057 quem
832 957 960 1046 Marte,
978 974 1121 1060 togaque
1139 943 1141 947 ⁷

157 1068 386 1169 Praecipuum,
403 1096 472 1144 non
487 1068 574 1144 bella
592 1070 697 1167 magis
711 1069 805 1145 finita
822 1069 1020 1172 triumphis,

157 1183 291 1284 Resque
310 1182 403 1256 domi
420 1201 539 1280 gesto,
556 1202 799 1288 properataque
815 1183 921 1281 gloria
937 1214 1048 1261 rerum

155 1301 197 1373 In
211 1299 304 1374 sidus
321 1318 447 1376 vertere
462 1329 605 1391 novum,
624 1300 818 1403 stellamque
835 1319 1041 1391 comantem,

157 1417 269 1514 Quam
286 1445 345 1492 sua
360 1419 537 1520 progenies
554 1448 562 1493 :
579 1445 688 1520 neque
704 1419 792 1494 enim
808 1419 848 1493 de
864 1420 1002 1494 Caesaris
1020 1419 1101 1494 actis
1177 1439 1228 1513 ⁷⁵⁰

155 1529 271 1606 Ullum
285 1533 392 1633 majus
407 1563 509 1637 opus,
527 1537 625 1639 quam
645 1535 736 1638 quod
754 1554 849 1638 pater
866 1536 994 1611 exstitit
1008 1536 1121 1637 hujus.

157 1648 289 1725 Scilicet
304 1680 478 1753 nquoreos
495 1653 572 1756 plus
587 1672 637 1729 est
653 1653 820 1729 domuisse
837 1655 1036 1744 Britannos,

156 1765 285 1869 Perque
302 1769 481 1871 papyriferi
497 1770 689 1873 septemilna
704 1770 841 1846 llumina
857 1770 935 1847 Niti-

156 1884 317 1962 Victrices
335 1889 443 1984 egisse
455 1906 560 1978 rates,
581 1888 808 1990 Numidasque
824 1888 984 1980 rebelles,

158 2001 428 2105 Cinyphiumque
444 2005 586 2094 Jubam,
606 2003 898 2104 Mithridateisque
915 2021 1096 2081 tumentem
1174 2024 1224 2098 755

155 2117 360 2193 Nominibus
377 2120 543 2212 Pontum,
561 2120 690 2223 populo
707 2120 864 2220 adjecisse
882 2121 1037 2219 Quirini,

155 2235 202 2307 Et
217 2233 342 2309 multos
359 2237 537 2325 memisse,
556 2237 687 2339 aliquos
702 2238 807 2335 egisse
827 2238 1035 2340 triumphos,

155 2350 267 2447 Quam
284 2368 412 2427 tantum
429 2354 580 2450 genuisse
597 2355 725 2445 virum,
744 2384 815 2456 quo
829 2354 969 2456 preside
986 2381 1098 2430 rerum

153 2551 240 2596 terum
252 2542 325 2599 hunc
339 2543 482 2616 AEeeulapii
497 2545 526 2598 in
539 2555 661 2616 serpente
711 2547 815 2600 Mirum
834 2546 863 2599 in
882 2544 1001 2598 modum
1015 2542 1137 2597 adulatur
1156 2543 1220 2597 ltu-

151 2621 255 2677 latentis
275 2622 419 2678 adrentum
441 2624 558 2678 nummis
582 2625 662 2679 etiam
711 2634 838 2693 gusto-
852 2624 956 2676 Scilicet
971 2621 1078 2675 ironice.
1096 2619 1222 2675 locutioni

151 2702 318 2757 celebrarunt
334 2705 465 2770 Romani3
484 2705 662 2776 spanhemius
709 2698 825 2753 inservit·
850 2698 922 2752 Male
944 2698 1024 2768 igilur
1045 2697 1114 2750 Tan·
1136 2696 1222 2750 Faber

152 2777 185 2831 de
197 2780 256 2833 Usu
269 2791 296 2834 et
308 2782 398 2836 Praest.
410 2801 485 2836 num.
498 2782 542 2848 ll,
555 2803 612 2852 ²¹7·
710 2775 836 2830 emendat
848 2781 932 2828 mim
948 2784 989 2828 est
1002 2778 1135 2829 domuisse.
1149 2775 1222 2828 len-

186 2858 311 2926 745-870.
323 2862 392 2913 Juiii
401 2863 509 2914 Caeson's
520 2863 663 2926 apotheosis
710 2857 763 2909 sius
778 2866 864 2909 totum
876 2856 964 2909 locum
976 2873 1058 2924 usque
1071 2854 1103 2907 ad
1115 2860 1222 2908 carietes

152 2935 266 3002 graviter
286 2936 359 2990 etin
382 2938 527 2992 maximum
549 2935 663 3007 Augusti
709 2939 808 2989 abunde
817 2934 1003 3004 interrogative
1012 2934 1089 3004 cupit
1103 2932 1156 2988 Sed
1168 2933 1220 2989 hoe

152 3011 284 3065 honorem
296 3023 411 3069 tractata.
421 3015 536 3070 Causam
544 3017 602 3084 ejus
610 3014 664 3084 agit
709 3031 764 3066 non
774 3012 885 3083 patitur,
898 3013 1002 3082 opinor,
1013 3017 1039 3067 τὲ
1047 3011 1222 3068 scilicetver·

152 3091 265 3155 Venus,
285 3090 357 3145 unde
374 3112 456 3162 genus
472 3093 585 3150 ducebat
600 3091 662 3147 Ce-
709 3091 740 3147 tit
751 3101 838 3144 tamen
849 3090 886 3144 sic
896 3100 923 3143 et
930 3089 1217 3159 Rodios-Quorsus,

151 3187 210 3234 sar,
225 3170 253 3222 in
268 3169 379 3223 concilio
393 3170 531 3238 Deorum,
549 3189 660 3241 eamque
708 3189 813 3240 equore
832 3170 938 3223 cinctos.
950 3195 983 3210 -·
996 3171 1132 3240 Popyrfir
1144 3171 1220 3221 Nilus

152 3246 379 3317 adjuvatJupiter.
389 3248 462 3302 lnest
471 3247 497 3301 h.
506 3247 523 3300 l.
531 3248 662 3317 mtalogue
707 3249 788 3303 etiam
800 3249 842 3304 lll
855 3248 935 3302 Trio.
947 3265 978 3315 x,
994 3268 1034 3317 27.
1048 3276 1081 3290 ·-·
1093 3249 1221 3302 Nemeae

151 3344 243 3378 rerum
261 3334 289 3378 et
305 3323 436 3380 aCmare
453 3335 481 3378 et
493 3324 525 3377 ab
540 3325 662 3396 Augusto
706 3332 824 3392 rebelles,
843 3329 888 3399 qui
899 3331 992 3400 jugum
1009 3329 1124 3397 recipere
1141 3325 1217 3380 nole·

152 3414 292 3474 gestarum.
706 3405 772 3459 bant
782 3445 790 3472 ,
802 3406 848 3460 sed
866 3425 972 3477 semper
987 3404 1170 3467 excutiebant,
1190 3413 1218 3456 et

185 3485 241 3552 748.
252 3484 403 3550 Properate,
418 3490 593 3554 properanter
599 3499 661 3551 par·
707 3483 763 3554 qui,
776 3484 933 3551 Jueaduce,
946 3501 1019 3535 arma
1029 3491 1121 3534 contra
1134 3479 1218 3534 Cress-

151 3572 186 3615 ta.
202 3560 257 3617 Cic.
274 3580 323 3632 pro
340 3563 425 3617 Marc.
437 3584 470 3631 a,
486 3563 519 3617 de
539 3560 660 3617 Curare:
706 3562 1129 3632 remsumserunt-Cinypdiuio,
1144 3559 1220 3613 Atri-

151 3663 165 3688 «
179 3643 237 3696 Nec
259 3660 322 3696 vero
341 3641 555 3712 disjunctissimas
577 3651 661 3695 terrae
706 3660 820 3709 canum,
838 3660 852 3695 a
870 3639 975 3710 Cinype
996 3637 1093 3692 Africo
1113 3637 1216 3702 fluvio;

151 3741 166 3766 n
178 3719 254 3774 citius
260 3721 415 3790 cujusquam
422 3721 536 3792 passibus
547 3719 659 3791 potuisse
707 3723 764 3778 vll·
774 3762 782 3789 ,
803 3743 859 3790 ²7²·
870 3747 903 3761 -
914 3720 1078 3781 Nominibus,
1097 3718 1177 3788 gloria
1190 3728 1222 3787 et,

151 3817 166 3842 u
178 3798 331 3867 peragrari,
348 3815 427 3867 quam
440 3798 492 3852 tuis
504 3817 560 3852 non
573 3797 658 3852 dicam
705 3802 784 3857 lama.
794 3831 826 3842 -
835 3804 943 3870 Aliquos
959 3805 1047 3868 egisse.
1065 3798 1216 3868 Quinquies

151 3875 296 3930 »cursibus
311 3915 319 3942 ,
343 3875 389 3929 sed
410 3876 524 3931 victoriis
544 3875 658 3933 lustnte
706 3879 893 3949 triumphavit3
907 3896 1002 3947 nempe
1016 3887 1109 3946 quater
1119 3876 1215 3931 eodem

151 3962 249 4005 »sunt
263 3953 373 4008 n-De
386 3958 463 4008 stelle
475 3966 589 4010 conante
598 3955 657 4011 vide
705 3976 797 4012 mense
815 3966 874 4028 post
893 3955 1025 4010 devictum
1046 3954 1213 4024 Scipionem,

151 4049 217 4084 vers.
229 4033 286 4104 849.
704 4044 829 4090 etrursus
836 4034 917 4089 semel
925 4043 983 4105 post
992 4043 1127 4102 superatos
1136 4034 1215 4087 Porn-

186 4113 242 4180 7⁵0·
259 4112 344 4182 Neque
355 4117 421 4169 esen
437 4114 469 4167 sb
486 4114 596 4187 &sous
608 4121 658 4169 etc.
705 4112 879 4184 peiiliberosg
892 4109 1048 4177 Suetonius,
1058 4109 1125 4168 Ces.
1135 4112 1216 4181 37.—
