2760 4710
73 381 76 385 -
153 333 219 420 452
430 328 469 393 P.
499 324 679 393 ovtutl
706 318 944 388 NASONIS

150 471 246 549 Mille
263 469 356 571 lupi,
373 466 555 566 mixtaque
573 463 665 565 lupis
683 489 852 561 ursaque,
873 457 999 560 leaeque
1186 482 1235 535 255

154 594 306 667 Occursu
322 587 431 661 secere
447 600 572 659 metum
587 613 595 656 ε
610 582 668 657 sed
684 579 776 654 nulla
791 578 957 667 timenda,

151 701 316 802 Nullaque
336 717 407 774 erat
423 713 540 770 nostro
555 695 682 769 factura
701 695 738 766 in
756 720 895 794 corpore
911 691 1045 766 vulnus

155 815 249 914 Quin
266 813 367 888 ctiam
381 809 525 885 blandas
542 835 675 882 movere
688 835 749 907 per
765 831 838 879 aera
857 805 997 892 caudas,

124 984 133 991 -
158 933 351 1028 Nostraque
368 923 541 1000 adulantes
559 921 721 995 comitant
737 920 891 1014 vestigia3
912 919 1017 992 donec
1116 981 1121 991 ,.

156 1042 339 1142 Excipiunt
356 1035 507 1125 famulae,
525 1061 651 1137 perque
666 1033 749 1107 atria
765 1061 928 1106 marmore
946 1049 1034 1105 tecta
1194 1054 1243 1106 auo

160 1158 217 1233 Ad
233 1156 401 1229 dominam
418 1151 565 1225 ducunt:
581 1147 721 1252 pulchro
735 1145 827 1220 sedet
842 1145 899 1219 illa
913 1168 1067 1235 recessu,

161 1270 323 1349 Sublimis
342 1268 444 1355 solio,
464 1265 651 1369 pallamque
669 1262 786 1337 induta
797 1261 975 1349 nitentem,

162 1393 307 1491 Insuper
324 1401 439 1460 aurato
459 1380 710 1457 circumvelatur
724 1377 869 1452 amictu:

163 1503 322 1578 Nereides
338 1499 566 1601 Nymphaeque
581 1493 701 1581 simul,
720 1521 792 1595 qua
811 1491 929 1567 vellera
944 1492 1048 1566 mutis

166 1616 267 1693 Nulla
288 1615 424 1690 trahunt
440 1611 574 1708 digitis,
592 1636 652 1683 nec
665 1607 722 1681 fila
739 1609 908 1708 sequentia
927 1607 1074 1695 ducunt,
1198 1631 1248 1684 ass

57 1746 61 1755 ’
168 1736 326 1812 Gramina
342 1731 546 1830 disponunt,
565 1755 767 1827 sparsosque
784 1726 855 1800 sine
872 1725 987 1800 ordine
1002 1725 1107 1800 llores

168 1854 353 1927 Secemunt
370 1843 523 1931 calathis,
542 1843 713 1944 uariasque
727 1841 898 1917 coloribus
914 1840 1048 1916 herbas.

201 2043 257 2096 255.
270 2039 344 2092 mlle
354 2039 411 2105 lupi
421 2046 470 2090 etc.
486 2031 639 2090 Homerum
650 2033 677 2089 in
729 2032 886 2106 Virgilium,
899 2035 969 2102 Vll,
986 2055 1023 2088 ra.
1034 2034 1078 2088 De
1089 2054 1194 2089 recessu
1202 2035 1246 2089 di·

168 2123 207 2176 his
219 2120 316 2173 Noster
324 2115 397 2184 sequi
407 2115 515 2179 maluit,
527 2134 609 2184 quam
617 2115 682 2168 Vir·
728 2126 802 2170 ctum
820 2116 853 2169 ad
870 2118 901 2183 l,
923 2137 976 2186 ¹77·
990 2143 1023 2155 -
1034 2116 1161 2169 Sublimis
1175 2119 1247 2169 solis.

169 2197 262 2271 gilium
273 2214 280 2248 :
292 2193 361 2263 apud
371 2192 445 2247 illum
453 2191 599 2247 humanam
608 2212 682 2245 man·
730 2194 818 2264 Vulgo
830 2195 908 2261 (etin
919 2193 983 2263 neg.
992 2193 1090 2246 nostris
1098 2193 1246 2259 codicibus)

168 2270 337 2328 suetudinem
353 2269 419 2324 ferae
435 2269 579 2324 induerant
592 2268 682 2322 Cire'ee
729 2277 832 2332 sublimi
840 2279 921 2338 solem
934 2273 996 2328 hinc
1007 2272 1140 2343 Heins'urs
1151 2279 1249 2328 solent·

169 2351 279 2417 herbis,
299 2349 369 2419 apud
386 2347 460 2402 hunc
482 2368 513 2402 ex
532 2348 683 2403 hominibus
730 2358 758 2406 a’n
775 2357 862 2419 solam·
881 2351 1110 2422 quemadmodum
1130 2357 1248 2405 soleam

169 2428 246 2484 facte
256 2437 333 2481 erant
344 2427 425 2491 [οπως
443 2426 555 2482 Homer.
568 2446 604 2479 vs.
616 2446 682 2495 ara,
731 2451 783 2489 ere,
792 2442 840 2485 etc
852 2429 906 2484 Sed
920 2431 1079 2484 Burmanno
1091 2449 1151 2482 non
1165 2430 1248 2500 placet

169 2497 236 2579 lpse*
253 2512 286 2562 οἵ
295 2532 337 2576 μιν
353 2512 415 2591 lieu
429 2508 487 2568 ἦσαν
500 2507 624 2581 dplerepu,
642 2509 684 2567 lul
730 2512 832 2561 solenne
843 2506 906 2560 illud
920 2511 1010 2560 solcum
1018 2523 1027 2570 ,¹
1040 2508 1148 2576 recepit
1157 2526 1246 2575 ergoe

173 2591 257 2645 ticum
311 2590 365 2640 οὖν·
381 2589 404 2636 ol
413 2583 434 2650 γ’
446 2586 585 2658 oppilione
599 2581 631 2634 ἔπ’
642 2582 684 2633 ἄν·
733 2586 849 2656 quinque
859 2584 932 2638 MSS
941 2587 1071 2646 subiciatis,
1083 2604 1119 2637 nc
1129 2595 1170 2638 tot
1177 2585 1248 2637 abla-

173 2669 270 2743 δράσω,
282 2663 331 2717 ἄλλ’
343 2667 387 2738 ἄρα
399 2669 459 2729 τοίγε
470 2664 683 2738 Οὖρῇσινμακρῇσι
732 2666 777 2719 livi
791 2665 968 2719 cumulentur.
983 2663 1025 2716 De
1040 2668 1107 2717 solio
1126 2664 1173 2718 illo
1188 2663 1246 2716 vide

109 2763 111 2766 ’
172 2752 353 2821 κιμσσαῐνονπς
372 2742 475 2794 ἀνέσταν.
493 2767 526 2779 -
541 2741 678 2801 Blandus,
732 2743 900 2808 Homerum,
913 2741 1246 2804 vs.311.-Nilens,can-

171 2821 276 2876 blande.
292 2847 325 2861 ·-
341 2821 473 2873 Comatae!
489 2822 616 2885 vestigia,
636 2837 684 2888 per
732 2820 809 2888 dida,
829 2823 937 2898 ἀργύριον
955 2831 1023 2897 φᾶρος
1043 2822 1163 2874 Homer.
1181 2822 1244 2887 ⁵43:

171 2897 367 2960 archaismum;
387 2900 477 2949 mutilo
489 2895 563 2949 enim
575 2914 628 2946 non
646 2893 684 2948 ita
731 2900 883 2955 cinctaerat
896 2916 963 2951 rona
980 2917 1060 2952 aurea
1076 2909 1103 2952 et
1121 2899 1151 2951 in
1164 2899 1246 2966 capite

169 2974 197 3028 in
209 2991 258 3026 usn
269 2973 452 3042 frequentiore
461 2982 515 3039 est,
527 2977 684 3026 utcomr'tor:
732 2977 839 3044 gerebat
849 2976 1023 3042 flammeum,
1042 2981 1183 3053 καλύπτρην.
1194 2977 1248 3029 Pro

170 3051 316 3106 hoctamen
327 3049 438 3103 verbum
448 3050 563 3103 lormam
573 3050 683 3103 activam
732 3053 771 3107 his
783 3055 880 3109 Noster
893 3073 952 3107 eam
962 3059 1123 3108 circumcelat
1133 3059 1247 3114 amictu,

171 3128 231 3184 alibi
243 3129 392 3197 usurpavit;
405 3128 500 3182 confer
508 3149 587 3199 supra
596 3129 681 3194 Vlll,
732 3143 760 3184 ut
770 3132 951 3204 Hymcnoeum
959 3134 1000 3198 X,
1015 3137 1164 3185 tramittas
1175 3132 1250 3185 enim

171 3207 335 3281 (5923x111,
350 3209 397 3271 55,
409 3216 436 3258 et
447 3205 683 3276 alibi:Propertius
731 3228 818 3277 neque
830 3208 863 3262 de
879 3228 963 3275 aona,
980 3229 1067 3278 neque
1082 3208 1115 3262 de
1128 3209 1249 3282 calyptra

171 3286 267 3352 etiam,
278 3284 321 3350 ll,
333 3299 378 3349 vt,
391 3287 435 3351 15,
448 3287 684 3350 Quodsc'verameae
731 3286 838 3356 intellig.
850 3307 1011 3357 quamquam
1023 3288 1058 3340 ita
1073 3286 1197 3342 Lenzius.

168 3368 319 3416 comitarent
333 3369 419 3415 castra
431 3364 538 3429 puelle,
553 3363 610 3412 Non
621 3362 688 3413 miti
765 3363 820 3430 264.
838 3366 958 3420 Nereides
972 3367 1148 3436 Nymphaque.
1167 3365 1248 3435 Apud

170 3450 214 3494 sa!
223 3458 329 3510 magnus
344 3441 458 3492 Castoris
469 3443 517 3491 iret
529 3457 614 3507 equus.
632 3437 691 3496 Eu..
731 3439 901 3507 Homerum,
921 3461 967 3494 aar
980 3481 989 3508 ,
1009 3445 1072 3509 254,
1091 3454 1249 3497 cantantem

170 3546 204 3559 —·
216 3519 259 3572 De
276 3518 388 3585 stamulis
410 3519 593 3585 exciperemus
617 3515 684 3569 nihil
733 3518 830 3573 Circen
851 3521 988 3590 reperiunt
1003 3532 1030 3574 et
1048 3521 1126 3575 telam
1144 3532 1245 3576 texen-

170 3597 315 3653 Homcrus.
731 3607 804 3661 tem,
820 3598 856 3652 sic
873 3609 903 3652 et
914 3598 983 3669 apud
999 3600 1149 3669 Virgilium.
1166 3601 1247 3655 ldem

203 3675 261 3728 ahu.
272 3679 461 3730 Pulchmsede!
470 3678 519 3728 {lla
527 3692 626 3727 recessu
634 3684 682 3728 etc.
731 3676 889 3744 Homerus,
906 3678 973 3746 347,
995 3676 1030 3729 illi
1047 3676 1091 3731 dat
1111 3679 1246 3734 ministras

171 3751 276 3806 Domus
288 3751 380 3808 Circes
390 3753 418 3806 in
429 3752 544 3808 convalle
556 3772 572 3804 e
584 3752 683 3822 lapidi·
731 3765 859 3822 quatuor,
877 3754 1002 3808 Fontiurn
1016 3795 1024 3820 ,
1042 3756 1200 3810 Fluminum
1218 3769 1246 3811 et

169 3829 218 3881 bus
228 3816 315 3898 pdhtis
325 3843 470 3898 exstructa,
482 3830 581 3884 loribus
592 3832 681 3902 splen·
731 3830 864 3886 Silvarum
872 3832 943 3886 filias.
955 3833 1067 3903 Negotia
1075 3835 1246 3889 earumOvi·

170 3904 238 3957 didis
249 3918 358 3992 ornata,
371 3910 529 3979 supellectile
544 3910 683 3979 pretiosis·
730 3905 789 3961 dius
799 3911 835 3962 sic
846 3910 938 3977 linxit,
952 3912 1013 3979 quia
1027 3909 1103 3965 Circe
1117 3913 1245 3967 venefica.

172 3981 237 4034 siena
248 3991 374 4038 instructa
384 4005 392 4046 ς
404 3985 553 4051 Homerus,
567 3997 603 4054 u,
616 4007 661 4040 arr
673 4024 682 4052 ,
729 3988 1030 4042 -Tralmne...ducuac
1038 3989 1163 4043 Heinsius
1171 3991 1246 4044 malit

174 4060 240 4126 311,
254 4057 317 4124 348;
331 4058 394 4114 hinc
404 4068 511 4130 superba
527 4073 594 4120 tecta
614 4060 682 4135 apud
729 4065 1246 4134 trahant,ducaa!.-Seceraeuut,secretos
