2760 4710
302 345 831 416 METAMORPHOSEON
856 351 950 419 LIB.
973 353 1059 422 XV.
1155 354 1220 422 535

151 483 411 585 Quadnrpedes,
429 487 641 586 monstrique
660 503 751 560 metu
770 486 969 578 turbantur,
987 507 1021 564 et
1038 487 1114 566 altis

150 601 363 702 Praecipitant
381 627 497 675 currus
516 601 661 703 scopulis
676 633 684 674 ε
700 631 763 698 ego
782 603 900 678 ducere
916 634 995 678 vana

151 719 256 791 Frena
274 747 392 805 manu,
412 719 539 819 spumis
557 718 748 795 albentibus
767 719 887 808 oblita,
907 719 1035 813 luctor;

153 832 199 905 Et
215 850 304 906 retro
322 832 426 908 lentas
444 835 544 909 tendo
562 836 737 937 resupinus
754 836 920 912 habenas:
1171 865 1221 920 520‘

154 951 222 1022 Nec
237 950 323 1023 vires
339 967 447 1023 tamen
467 951 526 1024 bas
541 953 651 1027 rabies
667 972 854 1055 superasset
869 981 1050 1056 equomm,

153 1063 197 1135 Ni
217 1082 306 1151 rota,
324 1083 520 1166 perpetuum
540 1097 606 1168 qua
622 1069 885 1143 circumvertitur
901 1098 995 1145 axem

155 1179 286 1281 stipitis
304 1209 443 1255 occursu
461 1185 563 1258 fracta
579 1213 616 1269 ac
636 1184 770 1284 disjecta
787 1185 913 1259 suisset.

152 1295 313 1368 Excutior
328 1324 428 1371 curru
443 1328 451 1372 :
467 1297 617 1400 lorisque
634 1300 824 1375 tenentibus
841 1319 932 1375 artus

152 1411 287 1485 Viscera
301 1413 372 1486 vira
389 1414 495 1504 trabi,
508 1444 627 1491 nervos
643 1417 678 1490 iu
693 1418 796 1518 stirpe
813 1419 934 1505 teneri,
1173 1440 1223 1493 525

152 1529 306 1604 Membra
321 1533 393 1634 capi
410 1532 553 1636 partim,
573 1536 693 1635 partim
709 1562 865 1636 reprensa
877 1534 1039 1635 relinqui,

154 1647 242 1719 Ossa
258 1675 386 1743 gravem
404 1649 479 1724 dare
496 1651 600 1726 fracta
617 1680 757 1741 sonum,
775 1651 960 1754 fessamque
974 1651 1102 1729 videres

151 1759 309 1834 Exbalari
326 1762 487 1852 animam,
506 1765 681 1867 nullasque
698 1769 891 1871 incorpore
908 1785 1042 1870 partes,

153 1874 298 1949 Noscerc
315 1904 397 1976 quas
414 1906 531 1978 posses
545 1910 553 1954 :
567 1910 739 1982 unumque
755 1900 826 1956 erat
841 1883 951 1956 omnia
968 1883 1101 1959 vulnus.

154 1991 244 2064 Num
262 2012 380 2093 potes,
398 2013 456 2069 aut
472 1997 573 2073 andes
591 1998 677 2073 cladi
693 2027 891 2102 componere
907 2019 1048 2091 uostrae,
1175 2022 1225 2078 530

154 2111 326 2212 Nympha,
345 2117 459 2189 tuam?
475 2115 542 2189 vidi
559 2145 694 2216 quoque
712 2117 785 2192 luce
802 2119 946 2192 carentia
961 2148 1083 2214 regna,

152 2226 198 2297 Et
217 2223 359 2302 lacerum
376 2230 445 2302 sori
463 2230 882 2333 Phlegethontidecorpns
899 2231 934 2303 in
950 2231 1063 2306 unda:

153 2341 241 2431 Nec,
259 2344 324 2419 nisi
341 2343 526 2448 Apollinea
542 2344 652 2420 valido
669 2342 885 2422 medicamine
903 2343 1028 2444 prolis,

153 2455 296 2531 Reddita
310 2459 377 2532 rita
389 2459 500 2534 foret:
518 2488 617 2561 qnam
633 2478 812 2563 postquam
828 2459 975 2535 fortibus
991 2460 1125 2548 herbis,

152 2572 264 2674 Atque
282 2604 347 2677 ope
365 2575 516 2667 Paeonia,
536 2576 615 2651 Dite
631 2577 843 2672 indignante,
861 2578 988 2682 recepi,
1175 2600 1225 2656 5³5

187 2767 243 2817 ⁵25.
254 2769 350 2822 Nereos
360 2774 471 2835 instirpe
480 2773 566 2822 teneri
575 2767 665 2821 Hein-
712 2767 808 2833 Silius,
821 2769 863 2834 X,
878 2773 942 2840 519,
956 2789 970 2816 e
981 2777 1037 2822 toto
1047 2787 1158 2839 corpore
1166 2772 1227 2826 vnt-

153 2847 207 2900 sius
218 2846 325 2912 conjicit
334 2865 422 2900 mnes
435 2850 464 2898 iu
482 2863 554 2913 septe
566 2849 659 2907 teneri,
713 2868 728 2894 s
741 2866 790 2900 nus
800 2869 822 2899 n.
839 2846 938 2902 Lucan.
951 2849 1005 2916 ΙΧ,
1017 2849 1082 2915 8ι4,
1096 2871 1110 2896 s
1124 2850 1225 2906 Omnia

155 2925 215 2994 quia
227 2923 345 2990 Seneca,
359 2923 467 2993 Hippoi.
482 2943 543 2977 roos
553 2962 562 2989 ,
573 2944 588 2969 s
600 2922 664 2977 inde
713 2946 728 2972 »
741 2925 953 2994 plenisMembra
960 2926 1225 2986 iluuntvenisttottttn

155 3025 170 3052 s
182 3002 356 3059 semanimem
363 3003 592 3073 secantVirgulta,
601 3021 665 3056 acu-
714 3024 728 3050 »
741 3014 779 3056 est
790 3023 839 3072 pro
851 3004 958 3058 vulnere
971 3024 1074 3075 corpus.
1082 3028 1095 3053 ι
1108 3009 1160 3061 Ee.
1221 3028 1227 3041 ·

158 3103 172 3130 s
185 3083 216 3135 tis
231 3081 315 3150 asperi
332 3099 425 3150 vepres
441 3082 520 3134 rubis.
534 3104 547 3129 n
559 3109 593 3122 ·-
604 3083 665 3133 Ile-
746 3085 803 3139 532.
814 3086 1039 3155 Ertacmnsori
1046 3097 1095 3141 etc.
1108 3086 1145 3141 Et
1160 3106 1225 3143 eor-

149 3180 259 3230 prensa,
279 3169 410 3226 retracta,
428 3165 537 3229 nlenqer'
552 3161 582 3215 in
598 3179 665 3215 cor·-
712 3181 762 3234 pus
772 3164 899 3218 laniatum
912 3165 940 3218 in
952 3165 1133 3220 ardentissima
1144 3166 1226 3220 Phle-

156 3239 314 3310 pore.Hanc'
326 3239 441 3306 corporis
452 3237 664 3294 dilacerationem
713 3244 846 3314 petbontis
864 3263 931 3314 aqua
951 3245 1010 3298 lavi.
1028 3248 1079 3299 Ed.
1091 3248 1124 3286 -'-
1135 3247 1228 3297 Facere

156 3319 280 3389 expressit
291 3329 319 3371 et
328 3317 443 3383 Seneca,
457 3336 522 3370 vers.
534 3321 596 3372 roba
608 3339 664 3390 sqq.
713 3325 852 3378 notionem
865 3324 944 3379 babet
958 3325 1069 3379 omnino
1083 3331 1162 3392 grate
1176 3339 1226 3375 re-

156 3400 200 3452 ubi
211 3396 667 3468 «implicuitcadensbaqueotenaei
714 3402 850 3466 lectionis3
863 3403 982 3469 Plinius,
997 3404 1037 3466 V,
1051 3401 1101 3468 Ep.
1114 3414 1160 3463 vr,
1176 3416 1226 3464 ao,

156 3499 171 3524 n
183 3497 293 3548 corpus,
306 3477 401 3530 illisum
410 3485 487 3544 caput
496 3474 670 3544 Scopulisre·
711 3480 832 3545 platanos
845 3483 985 3548 disperpine
992 3478 1072 3546 fovet.
1091 3475 1152 3528 Hoc
1169 3475 1227 3528 loco

156 3578 170 3602 n
185 3555 263 3611 sultat
275 3552 499 3615 sauleruntdumi
508 3571 666 3608 conrasaora
715 3552 847 3609 abluendo
858 3557 974 3610 reticere.
991 3554 1045 3608 Sed
1058 3551 1170 3606 Ovidius
1182 3552 1228 3604 iu-

156 3636 264 3689 »durus
282 3635 390 3705 pulchra
407 3632 547 3704 populatur
565 3632 636 3702 lapis.
650 3653 665 3682 ι
715 3633 792 3702 genio
805 3634 898 3688 abusus
908 3633 1126 3700 est-Apollinea
1133 3635 1227 3698 proles.

155 3716 325 3784 aliquamdiu
338 3736 352 3762 κ
365 3723 470 3785 raptum
487 3724 594 3767 truncus
607 3731 667 3766 am-
715 3711 879 3781 AEsculapius
898 3709 1025 3779 Apollinis
1043 3707 1130 3774 silius,
1147 3726 1227 3776 quem

155 3796 256 3848 »busta
276 3794 340 3847 sude
360 3791 478 3845 medium
500 3810 548 3861 per
565 3790 665 3862 inguen
714 3790 749 3843 ob
761 3788 936 3861 Hippolytum
946 3788 973 3840 in
982 3788 1062 3840 vitam
1075 3796 1227 3840 revocatum

156 3895 170 3920 s
182 3873 268 3940 stipite
277 3872 457 3938 eiectoteuet,
467 3892 480 3916 υ
489 3881 537 3925 etc.
548 3898 582 3911 -
593 3869 666 3924 Cou-
714 3866 827 3920 fulmine
840 3865 965 3938 percussit
980 3865 1104 3935 Jupiter;
1122 3863 1180 3917 ride
1194 3865 1227 3920 ad

155 3948 234 4003 ferde
245 3949 381 4022 Hippolyti
387 3958 472 4001 morte
479 3958 600 4002 nostrum
607 3952 667 4003 Ile·
715 3942 1165 4012 11,643.-0p21’eonaeimptin
1179 3961 1228 4012 ope

157 4033 224 4089 cine,
244 4031 362 4089 Phedre,
377 4027 436 4080 Act.
450 4027 489 4092 V,
500 4043 534 4080 sc.
546 4027 570 4080 6.
581 4029 631 4080 Ed.
715 4023 834 4091 medica,
856 4035 886 4078 ut
903 4023 1027 4094 Virgilius
1041 4064 1049 4091 ,
1071 4043 1136 4078 vers.
1160 4025 1227 4098 769,

192 4111 248 4179 5²9.
262 4107 391 4174 Unumque
401 4112 457 4158 erat
467 4109 552 4158 omnia
567 4107 666 4159 selues.
715 4106 826 4158 Paeoes'is
836 4105 928 4157 tertis.
940 4103 1032 4157 Alium
1049 4102 1173 4175 mytbum
1187 4122 1231 4155 sed
