2708 5094
145 681 211 750 560

143 842 277 897 Philemon
288 858 345 893 eum
357 838 470 893 Bureide
479 858 555 894 uxore
566 841 595 893 iu
606 861 651 896 sr-

125 1010 128 1016 ·
141 921 285 1051 allii.
295 995 377 1049 viri..
389 997 488 1049 somn
586 1001 590 1006 ·

141 1079 222 1132 Metra
245 1076 428 1131 Erisichthouis
449 1075 503 1131 iilia
520 1077 549 1131 in
569 1077 650 1133 vnio

140 1153 453 1308 udffihmmmm

140 1315 227 1369 Famis
239 1315 326 1388 patria.

140 1393 226 1446 Famis
238 1392 375 1466 descriptio.
441 1414 443 1420 ¹

141 1470 235 1524 Foedus
248 1469 429 1524 Erisiehthouis
440 1470 527 1525 exitus.

139 1549 266 1605 Achelous
278 1549 306 1602 iu
317 1547 399 1602 varias
410 1545 511 1623 ligures.

302 1705 427 1760 LIBER
450 1707 501 1763 IX.

140 1861 247 1937 Acheloi
258 1859 424 1933 Herculisque
437 1862 510 1917 lucta.

140 1941 265 1996 Achelous
277 1941 306 1994 iu
317 1960 434 2014 anguem.
465 1988 469 1997 .

142 2019 268 2073 Achelous
279 2019 306 2072 in
318 2031 424 2073 taurum.

140 2101 230 2174 Copiae
240 2121 328 2154 cornu.

142 2180 217 2234 Nessi
229 2179 340 2233 centauri
353 2178 440 2232 cedes.

142 2257 423 2328 TunicaaDejaniraad
430 2255 650 2310 Herculemruissa.

140 2338 256 2393 Herculis
268 2336 373 2389 labores.

140 2418 230 2473 Lichas
244 2416 272 2469 in
284 2414 421 2490 scopulum.

141 2495 262 2551 fluentes
275 2493 303 2546 iu
315 2495 411 2552 Deum.

141 2807 224 2861 lolaus
235 2825 310 2859 sena
321 2804 350 2857 iu
361 2803 488 2876 juvenem.

144 2887 283 2942 Callirhoes
295 2885 366 2958 pueri
378 2885 406 2937 iu
416 2885 526 2957 juvenes.

139 2967 211 3020 Deos
221 2985 321 3036 quoque
333 2963 390 3016 fatis
401 2960 522 3016 obnoxios
535 2979 593 3015 esse.

141 3046 244 3098 Miletus
256 3044 338 3097 Mileti
349 3044 417 3097 urbis
429 3043 551 3096 conditor.

141 3124 230 3198 Byblis
241 3123 323 3176 Mileti
333 3122 387 3176 fitia
399 3123 425 3174 in
435 3123 536 3176 fontem.

142 3203 245 3258 Caunus
256 3202 380 3274 Byblidos
387 3204 478 3270 frater,
490 3202 574 3255 Ceuui
582 3202 650 3256 urhis

175 3282 296 3335 conditor.

141 3357 209 3432 lphis
222 3358 305 3431 puella
317 3359 345 3410 in
359 3377 461 3411 marem.

302 3514 432 3568 LIBER
452 3516 485 3570 X.
562 3463 565 3475 Ι

142 3672 238 3748 Orphei
251 3670 437 3745 Eurydicesque
450 3673 550 3745 nuptie.

142 3753 238 3828 Orphei
249 3752 281 3804 ad
293 3753 387 3805 inferos
399 3751 539 3808 descensus.

142 3835 204 3905 Atys
217 3831 245 3883 iu
256 3831 353 3903 pinum.

142 3911 287 3986 Cyparissus
299 3909 327 3961 in
336 3928 484 3982 cupressum.

140 3987 237 4063 Orphei
248 4006 356 4040 carmen

140 4068 238 4141 Jupiter
248 4067 276 4118 in
287 4065 404 4136 aquilam.

140 4143 296 4217 Hyacinthus
308 4163 370 4217 puer
381 4143 410 4195 in
418 4138 515 4196 florem.

140 4224 293 4298 Hyacinthia
303 4227 373 4277 sesta.

140 4301 285 4376 Propetides
298 4303 326 4356 iu
337 4322 402 4358 saxa

141 4378 249 4432 Cerastae
259 4381 286 4433 iu
297 4393 390 4435 tauros.

141 4456 229 4510 Statua
240 4457 350 4513 eburnea
361 4459 390 4513 iu
400 4458 533 4535 virginem.

583 678 769 769 rnnnx.

699 846 806 920 Myrrha
818 845 923 922 Cinyra
932 846 988 902 hlia
997 848 1026 904 iu
1039 851 1163 906 arboreus

699 925 798 978 Adonis
809 926 838 978 in
849 924 948 980 florem.

698 1004 869 1078 Hippomenes
881 1004 909 1056 in
919 1004 1030 1059 leonem.

700 1081 817 1134 Atalanta
827 1082 856 1134 iu
868 1082 984 1136 ienuam.

698 1160 799 1214 Minthe
812 1161 1119 1235 nymphaiumeuthsm.

849 1317 981 1372 LIBER
1002 1320 1055 1374 xl.

700 1476 807 1549 Serpens
820 1476 847 1528 in
858 1494 954 1530 suum.

698 1554 795 1629 Orphei
807 1555 895 1608 cordes.

697 1631 805 1684 Bacche
815 1631 931 1685 'lhrseioe
943 1630 971 1683 iu
986 1630 1097 1686 arbores.

698 1709 777 1763 Midre
788 1709 917 1763 stoliditas.

698 1788 820 1842 Contacta
831 1808 846 1840 a
856 1787 930 1840 Mida
942 1785 969 1838 iu
983 1804 1082 1839 summ.

699 1870 783 1919 Arena
794 1866 890 1920 Pactoli
905 1866 934 1918 iu
947 1884 1047 1918 aurum.

698 1946 785 2018 Mydae
799 1965 869 1997 aures
880 1943 909 1997 in
924 1943 1046 1997 asininas.

699 2022 795 2076 (lanne
807 2022 911 2075 vocales.

699 2103 789 2175 Apollo
801 2122 858 2156 eum
869 2103 992 2175 Neptuno
1004 2101 1032 2153 in
1044 2099 1169 2153 homines.

698 2181 816 2235 Hesione
825 2179 1006 2233 laomedontis
1016 2176 1078 2233 filit
1088 2177 1206 2233 liberatio.

698 2261 785 2314 Tiretis
798 2261 825 2313 in
838 2258 917 2312 varias
929 2259 1035 2312 formes.

699 2341 769 2412 Ceyx
781 2340 808 2391 in
821 2358 901 2391 arem.

697 2419 831 2475 Dedaliou
843 2419 870 2471 in
883 2416 1037 2492 accipitrem.

697 2503 780 2574 leupus
794 2499 822 2550 iu
835 2516 930 2551 suum.

698 2578 828 2650 Halcyone
840 2575 868 2627 in
876 2592 958 2626 avem.

698 2654 790 2710 Somni
802 2653 890 2706 doum
903 2651 1050 2726 descriptio.

697 2736 748 2790 Dei
761 2733 852 2790 Somni
865 2731 966 2786 effictio.
1032 2724 1035 2729 ¹

698 2812 834 2886 Morpheus
847 2811 876 2863 iu
888 2808 1016 2863 homiues.

697 2888 824 2942 Phobetor
834 2888 863 2940 in
875 2886 998 2939 animalia
1010 2887 1091 2940 bruta.
1208 2950 1212 2957 .

697 2966 854 3020 Phauthesos
866 2965 895 3017 iu
906 2965 1057 3018 inanimata.

698 3044 833 3119 Morpheus
845 3044 873 3096 iu
888 3043 1007 3117 Ceycem.

697 3123 804 3177 AEsacsss
817 3121 844 3174 in
857 3141 983 3194 mergum.

847 3279 969 3332 LIBER
990 3280 1062 3337 ΧΠ.

699 3438 805 3511 sepem
818 3437 846 3490 in
860 3456 955 3490 um.

698 3517 829 3592 iphigenia
841 3553 849 3581 ,
868 3516 1075 3589 Agamemnonis
1095 3515 1166 3581 fitia.
1182 3515 1208 3570 is

730 3614 835 3647 cervam.

698 3673 785 3726 Fame
797 3672 884 3725 domus
897 3670 1041 3745 descriptio.

698 3749 827 3804 Protesilai
839 3748 926 3803 coedes

699 3830 799 3903 Cycnus
812 3849 872 3901 puer
883 3829 911 3881 iu
924 3848 1008 3883 avem.

701 3907 806 3960 Ceneus
817 3907 845 3958 in
855 3926 934 3961 avem.

700 3986 784 4039 Caenis
796 3984 879 4060 puella
891 3986 918 4037 iu
930 4005 1038 4039 marem.

697 4065 807 4119 Pirithoi
820 4077 843 4116 et
853 4064 1034 4137 Hippodamia
1046 4064 1149 4138 nuptie.

698 4143 860 4217 Lapitharum
871 4141 1110 4215 Centaurorumque
1122 4143 1182 4195 rixa
1189 4154 1211 4192 et

730 4221 823 4294 prelia.
1214 4227 1220 4231 “

696 4299 902 4369 Periclymenus,
914 4298 992 4355 Nelei
1002 4298 1072 4355 filius
1080 4340 1089 4372 ,
1098 4302 1127 4355 iu
1134 4299 1211 4352 varias
