2760 4710
157 374 217 438 158
438 366 476 431 P.
503 364 685 432 OVIDII
709 360 934 430 NASONIS

152 508 309 609 Carpitur
327 504 468 580 acclivus
483 532 543 604 per
560 520 651 577 muta
668 501 799 576 silentia
816 520 957 589 trames,

151 624 309 710 Arduus,
330 622 514 708 obscurus,
534 619 674 715 caligine
692 619 815 693 densus
833 648 960 721 opaea:

152 744 221 816 Nee
238 739 356 842 procul
374 739 547 813 abfuerant
564 737 692 811 telluris
710 736 857 832 margine
875 764 1033 823 summm
1188 757 1217 810 55

153 859 238 943 Hic,
258 886 299 930 ne
318 855 485 941 deficeret,
506 872 676 941 metuens,
695 853 875 954 avidusque
892 850 1045 939 videndi,

152 975 260 1050 Flerit
275 1002 387 1048 amans
404 971 520 1047 oculos
535 1003 542 1044 :
558 989 590 1044 et
607 971 763 1073 protinus
781 970 839 1044 illa
854 969 983 1070 relapsa
998 985 1068 1056 est3

152 1090 359 1190 Brachiaque
373 1088 566 1173 intendens3
584 1088 768 1189 prendique
786 1105 819 1159 et
834 1087 994 1188 prendere
1012 1103 1172 1187 captans,

153 1205 209 1279 Nil
226 1207 290 1280 nisi
309 1206 461 1280 cedentes
477 1203 591 1278 infelix
605 1205 724 1304 arripit
738 1233 844 1278 auras.

152 1326 293 1424 Jamque
310 1323 429 1395 iterum
447 1320 590 1393 moriens
605 1349 676 1391 nou
695 1338 744 1392 est
762 1320 802 1394 de
823 1321 962 1418 conjuge
982 1318 1168 1420 quidquam
1186 1342 1218 1395 συ

154 1443 282 1535 Questa
299 1467 384 1510 suo:
405 1437 487 1538 quid
503 1437 588 1509 enim
607 1436 671 1508 nisi
690 1464 724 1510 se
744 1455 936 1537 quereretur
952 1436 1121 1510 auratam?

155 1560 420 1658 Supremumque
437 1554 526 1640 vale,
548 1553 638 1654 quod
654 1553 720 1651 jam
739 1553 792 1626 vix
809 1553 946 1627 auribus
962 1551 1016 1626 ille

154 1773 300 1843 promiscue
315 1778 442 1838 usurpant
456 1778 547 1836 poetae.
562 1765 664 1819 Confer
712 1768 766 1821 sius
775 1766 944 1836 subintelligit
955 1766 1059 1820 viribus.
1068 1767 1219 1833 Rod.,dcss

156 1851 248 1919 s'irgit.
256 1849 353 1916 Georg.
363 1847 411 1912 IV,
424 1848 480 1918 494.
492 1845 571 1914 Apud
580 1845 664 1913 Apol·
711 1848 1062 1913 srenr'chtglcr'te.-Ilelapsa
1071 1856 1120 1899 est.
1133 1846 1220 1915 Quiu-

155 1928 237 1981 lodor.
250 1925 377 1995 respicere
394 1934 497 1976 vetatur
512 1932 562 1999 epta
576 1931 607 1982 rie
623 1931 663 1986 ete
712 1945 763 1993 que
772 1928 933 1991 repulsaesl;
945 1923 1016 1976 unde
1025 1923 1155 1979 Heinsius
1165 1944 1219 1979 cmi·

156 2014 228 2060 onita
242 2008 311 2058 αὑτοῦ
324 2007 494 2079 eepoeycuiefoec.
712 2005 767 2072 jicil
776 2007 873 2056 revulsa
881 2011 927 2056 esf.
936 2032 968 2042 —
977 2004 1077 2073 Regitls
1085 2004 1219 2069 autad,

190 2085 229 2137 53.
240 2085 357 2150 Carpitur
365 2080 514 2150 exquisitius
521 2099 600 2149 quarn
608 2079 664 2132 vul·
712 2086 811 2147 repulsa
823 2092 868 2134 est.
885 2082 945 2134 Non
959 2080 1036 2134 video
1051 2101 1135 2151 quare
1148 2082 1219 2137 lectio

156 2182 216 2232 gare
228 2171 270 2214 cs!
278 2172 369 2214 trames
379 2180 387 2211 .·
399 2160 491 2213 confer
505 2159 554 2223 lV,
568 2159 665 2224 432-
712 2170 832 2229 recepta,
843 2179 923 2227 quarn
931 2160 1009 2214 habet
1018 2159 1220 2231 cadumen-

156 2242 292 2299 Aeeten,
313 2257 362 2308 pro
372 2242 478 2290 acclivis
491 2257 522 2289 er
535 2236 664 2290 Zulirlre—
713 2247 820 2290 taretur.
832 2240 881 2291 Ed.

156 2318 246 2370 rniano
259 2315 331 2368 dedit
341 2315 593 2384 Heinsius—Regii
603 2333 665 2366 uos·
747 2316 786 2368 58.
794 2316 916 2366 Prendere
925 2325 1033 2381 captans
1042 2316 1145 2385 recepit
1156 2316 1221 2371 Bm»

158 2396 190 2448 tri
202 2399 314 2447 acclivis.
326 2422 359 2433 -
370 2395 445 2446 Muta
462 2403 488 2446 et
506 2411 567 2449 mox
584 2411 666 2457 opaca
713 2413 784 2446 man.
792 2414 823 2447 ex
832 2393 905 2447 MSS
916 2413 964 2462 pro
970 2404 1071 2447 certans
1077 2395 1150 2465 quod
1159 2414 1220 2467 prt-

157 2472 238 2525 otiose
250 2470 337 2524 addita
349 2491 355 2523 :
367 2470 425 2523 vide
440 2469 471 2522 ad
485 2470 526 2533 ll,
538 2468 585 2533 65,
598 2471 667 2520 cali·
713 2473 813 2526 ferebat
822 2471 957 2525 Ciofanus.
967 2473 1110 2538 Heinsius,
1125 2473 1220 2528 erisne

155 2556 213 2617 gine
230 2553 337 2607 densus.
359 2559 388 2601 ut
406 2546 466 2600 alibi
485 2565 551 2615 saepe
573 2548 660 2605 sitan,
714 2552 847 2604 obstarent
858 2551 975 2620 exempla
984 2550 1091 2605 Phaedri
1101 2553 1222 2624 infrapo-

157 2635 234 2695 virgis
246 2633 338 2680 densas
349 2631 425 2677 Iocus.
713 2630 776 2691 sita,
790 2628 855 2681 nihil
873 2629 1030 2681 mutandum
1049 2631 1182 2695 censebat.
1193 2656 1221 2671 -·

190 2711 229 2760 55.
247 2705 392 2770 Abficcrun!
405 2700 477 2753 dedit
494 2701 619 2752 Heinsius
635 2720 665 2751 ex
716 2706 808 2758 Codex
819 2707 938 2758 nosterrl
948 2746 954 2771 ,
964 2704 1221 2773 captans3CodexB‚

158 2785 313 2836 Florentino
333 2780 360 2833 S.
380 2778 483 2841 Marci,
504 2797 552 2845 pro
570 2776 665 2845 adsue·
714 2794 818 2836 certans.
832 2813 865 2823 -
877 2785 931 2836 Aut
942 2794 1048 2850 captans
1059 2795 1100 2838 est
1111 2802 1227 2847 cornus,¹

156 2871 233 2921 matt
256 2862 306 2910 hoc
325 2855 422 2907 liabent
443 2855 525 2906 nostri
541 2854 623 2923 Regii.
633 2881 666 2892 -
714 2872 817 2914 tentans
829 2862 1222 2931 (Phae11r.lv,v11,6‚qeuu

158 2937 274 3001 Margine
295 2934 381 2985 abesse
401 2942 511 3001 pOSSel,
532 2932 591 3000 qnia
612 2933 665 2999 iam
715 2942 1221 3010 caplasloedere?v,111,2‚pmor

157 3017 231 3066 tellus
244 3031 342 3064 summa
355 3010 521 3080 superficiem
534 3023 610 3064 terrae
625 3012 665 3064 si·
710 3024 816 3082 pretam
822 3029 929 3083 captans
937 3020 962 3083 ),
974 3028 1018 3071 aut
1024 3022 1221 3087 prende'etpm·

64 3107 66 3110 ⁴
159 3091 271 3162 gnificat.
290 3091 371 3143 Juvat
391 3109 452 3142 curn
470 3090 509 3143 his
527 3090 665 3160 Virgilium
714 3099 770 3148 dere
784 3115 849 3164 pro,
864 3108 893 3149 ut
907 3097 1085 3165 prenderetur
1097 3109 1125 3151 et
1141 3116 1222 3169 preu-

157 3173 296 3225 conferre:
317 3192 329 3214 α
348 3168 461 3236 Jamque
480 3167 575 3238 pedem
591 3169 665 3222 refe·
716 3173 797 3225 deret.
813 3174 891 3243 Apud
908 3175 1048 3244 Virgilium
1063 3184 1222 3246 nequimus!

160 3275 173 3296 »
187 3269 248 3303 rens
259 3267 332 3301 casus
344 3257 460 3300 evaserat
472 3266 578 3313 omnes,
593 3246 667 3300 Red-
709 3262 814 3317 prensat
832 3256 952 3306 umbras:
969 3254 1117 3323 pleniorem
1138 3266 1221 3311 auten

160 3356 172 3379 i»
185 3331 290 3399 (litaque
299 3328 540 3401 Eurydicesuperas
546 3326 667 3380 veniebat
715 3330 967 3400 imaginemexhibet
971 3336 1064 3397 prendi
1070 3334 1221 3400 εἰρηκὼς.

159 3437 172 3460 »ι
187 3410 219 3464 ad
231 3429 306 3463 auras
319 3410 392 3462 Pone
405 3427 532 3476 sequens3
551 3425 665 3475 namque
714 3428 794 3476 quarn
806 3429 890 3461 unuin
898 3404 1158 3475 prendere-Arm.
1170 3411 1223 3465 vie

160 3514 173 3537 n
187 3491 254 3543 hanc
271 3486 380 3540 dederat
394 3486 550 3555 Proserpina
566 3487 665 3554 legcnu
715 3487 809 3556 gilius,
829 3487 929 3554 aufugi!
943 3490 1090 3557 censemus
1106 3497 1135 3543 in
1151 3504 1224 3543 aas

160 3593 172 3613 n
188 3571 281 3639 Quunr
292 3568 375 3622 subita
387 3568 522 3620 incautum
532 3565 665 3618 dementia
714 3572 871 3623 commeatus,
881 3566 1001 3634 praeclare
1010 3567 1041 3620 de
1049 3587 1162 3637 corpore
1170 3585 1223 3621 um·

161 3670 172 3689 ¹·
186 3651 252 3717 cepit
265 3658 417 3711 amantem,
435 3643 595 3714 lgnoscenda
607 3643 666 3712 qui-
715 3646 813 3698 bratico
826 3646 1019 3697 defunctorum.

160 3746 173 3766 »
187 3724 263 3791 dem,
278 3727 374 3780 scirent
386 3726 406 3778 si
420 3725 552 3794 ignoscere
564 3722 665 3774 Manes.
746 3725 786 3776 61.
797 3725 852 3775 Non
860 3733 900 3775 es!
907 3735 1001 3790 questa.
1011 3724 1098 3777 lllulta
1107 3727 1223 3794 queritur

161 3822 174 3842 ν
188 3800 307 3868 Restitit,
317 3803 521 3874 Eurydicenque
529 3818 602 3852 suam
613 3800 665 3868 jam
715 3802 783 3870 apud
795 3802 933 3869 Virgilium
943 3822 1008 3854 vers.
1019 3804 1066 3874 494
1074 3823 1132 3872 sqq.
1140 3802 1223 3859 defsti

160 3900 173 3922 ν
186 3877 241 3930 luce
250 3883 297 3935 sub
305 3883 358 3952 ipsa
368 3884 523 3945 Immemor,
537 3879 602 3932 heu!
616 3880 666 3931 vic·
714 3879 877 3944 crudelitate,
886 3880 1112 3933 etrelaliitureum
1121 3882 1222 3956 fragore

160 3980 173 4002 »
188 3966 280 4022 rusque
293 3963 374 4014 animi
389 3963 500 4031 respexit
515 3959 567 4013 :ibi
581 3959 666 4011 omnis
714 3959 904 4029 indignabundi
915 3959 987 4013 Orci.
996 3963 1132 4014 -Nr'se'se
1142 3980 1224 4030 quere·

159 4058 172 4079 υ
186 4033 292 4085 Ettusus
304 4036 377 4090 labor
388 4051 436 4092 etc.
450 4063 462 4084 ιι
481 4067 513 4080 -
527 4041 664 4110 Deficerm
713 4049 759 4089 tur.
772 4037 851 4090 Multi
860 4048 961 4090 veteres
971 4044 1035 4099 nisi,
1052 4049 1098 4091 aut
1107 4042 1224 4093 εἰσήκ-

157 4135 183 4169 se
200 4110 348 4178 desereret,
367 4116 570 4184 relinqueretur.
591 4119 666 4171 len·
714 4117 1222 4184 quereturamatamvelamantemstlein·
