2760 4710
265 355 773 425 METAMORPHOSEON
806 361 904 426 un..
926 363 1040 429 Vlll.
1151 367 1194 450 43

130 531 148 561 s
168 495 270 569 Hand
284 493 433 595 equidem
448 497 553 597 patiar
566 525 574 567 :
589 516 697 598 pereat
713 498 902 601 seeleratns3
923 519 954 574 et
972 500 1025 576 ille

132 647 149 675 »
172 612 334 711 Spemque
348 610 472 712 patris,
490 611 646 711 regnique
664 615 787 701 trahat,
807 617 982 716 patrieque
998 618 1136 691 ruinam.
1198 641 1215 656 ·

135 762 153 792 »
174 729 271 800 Mens
286 727 343 799 nbi
359 745 504 799 matema
521 729 594 799 est?
610 727 669 800 nbi
686 757 771 802 nune
787 732 840 832 pia
857 750 930 806 vota
946 736 1144 834 parentum?

136 879 154 909 »
175 847 236 931 Et,
255 873 337 944 quos
352 843 511 930 sustinui,
529 843 582 915 bis
598 872 745 917 mensum
764 849 907 946 quinque
923 847 1075 924 labores?
1143 872 1191 923 500

137 993 154 1022 »
176 961 207 1032 0
222 960 344 1032 utinam
363 960 477 1062 primis
491 958 626 1033 arsisses
642 961 775 1055 ignibus
792 963 917 1036 inians!

137 1109 154 1139 »
172 1075 272 1174 ldque
288 1103 350 1170 ego
368 1103 462 1176 passa
478 1076 604 1148 sorem!
620 1074 728 1150 vixisti
746 1104 878 1151 munere
894 1097 1029 1152 nostro:

134 1225 151 1253 »
168 1193 261 1263 Nunc
277 1191 394 1265 merito
411 1192 549 1264 moriere
567 1209 624 1264 tuo
640 1221 648 1264 τ
663 1220 742 1294 cape
757 1196 888 1295 premia
903 1195 1001 1284 sacti,

133 1338 148 1370 n
167 1309 290 1408 Bisque
306 1310 434 1395 datam,
453 1310 595 1410 primum
611 1327 727 1410 partu,
744 1339 820 1382 nrox
839 1312 950 1412 stipite
964 1330 1078 1414 rapto,

132 1458 148 1488 ι)
167 1425 281 1497 Redde
297 1426 458 1498 animam:
473 1422 523 1516 vel
539 1453 590 1497 me
605 1424 755 1499 fraternis
772 1427 853 1498 adde
870 1425 1036 1528 sepulcris.
1137 1449 1186 1501 505

132 1573 149 1601 »
170 1541 214 1611 Et
228 1540 341 1639 cupio,
357 1556 389 1611 et
400 1565 528 1638 nequeo
543 1567 551 1609 :
569 1538 649 1639 quid
664 1543 780 1633 agam?
791 1540 892 1615 modo
905 1541 1037 1616 vulnera
1049 1542 1187 1618 fratrum

134 1689 150 1717 u
169 1655 256 1727 Ante
272 1653 382 1727 oculos
395 1653 477 1726 milri
494 1673 589 1741 sunt,
609 1673 641 1727 et
654 1674 750 1731 tantae
767 1658 862 1731 eredis
879 1659 1007 1752 imago:

134 1833 163 1886 16
170 1853 180 1889 ,ι
190 1837 279 1886 Pulrr’s
288 1837 404 1885 embra
413 1851 510 1895 suarm
521 1834 631 1903 Proper·
679 1836 729 1886 Per
734 1836 815 1886 decern
821 1854 931 1886 mensum
940 1839 1104 1888 nten'labores
1112 1855 1120 1887 .·
1127 1836 1185 1890 vide

131 1912 633 1981 tius,lV‚11,14‚Baesunrquodd13¹r‘le's
679 1911 844 1965 Gronovinm
859 1913 891 1966 ad
908 1914 963 1966 Liv.
978 1915 1087 1980 XXIX,
1106 1918 1139 1978 3;
1158 1929 1186 1971 et

129 1995 415 2058 qur‘nqueleaeatnrms.
426 2021 458 2032 -
469 1994 559 2044 lacere
570 2011 635 2061 pro-
679 1993 827 2046 Buneman,
845 1993 877 2046 ad
894 1994 1011 2048 Laetant
1027 1996 1136 2048 carmin.
1150 1995 1184 2049 de

128 2068 183 2136 prie
201 2068 232 2120 ad
247 2069 360 2122 cinerem
379 2079 481 2122 tanturn
498 2069 630 2139 pertinet,
680 2068 770 2123 Pboen.
784 2091 865 2138 ²7·-
878 2068 969 2122 Codex
983 2071 1079 2140 Regius
1092 2072 1131 2139 B,
1145 2077 1184 2124 dis

128 2163 182 2197 non
194 2144 283 2197 itidem
292 2143 323 2198 ad
332 2147 444 2199 umbras.
452 2145 504 2199 Sed
513 2145 629 2199 solemne
678 2163 786 2197 mensum
796 2152 916 2213 quinem
931 2146 1022 2199 Codex
1035 2149 1076 2214 A,
1090 2168 1186 2202 menses

127 2233 184 2275 erat
196 2221 244 2277 hoc
256 2225 366 2277 verbum
378 2225 489 2277 omnino
505 2223 537 2277 de
551 2242 630 2278 mor·
678 2227 718 2275 bis
729 2230 848 2292 qumque,
862 2226 934 2294 quod
948 2238 975 2279 et
986 2226 1045 2281 libri
1059 2229 1184 2298 aliquota

125 2301 176 2353 tuis
188 2320 317 2371 usurpare.
332 2303 376 2355 Sic
389 2313 415 2355 et
427 2303 557 2357 cadaveris
569 2304 630 2374 epi·
679 2299 792 2353 Ciolano
804 2303 882 2355 citati.
902 2303 993 2356 Excusi
1006 2324 1098 2359 omnes
1110 2327 1184 2360 men-

123 2377 215 2431 theton
232 2383 330 2446 5elidus
346 2380 379 2433 ad
396 2382 501 2434 umbras
515 2384 630 2436 transla-
678 2397 733 2431 sum
744 2377 877 2443 retinent,
890 2380 1013 2432 Prisciani
1025 2382 1083 2434 freti
1094 2393 1185 2435 aueto-

120 2468 226 2510 tum.-
240 2460 365 2512 Attamen
380 2460 474 2512 umbra
486 2481 534 2514 nee
544 2465 631 2528 gelida
677 2457 762 2509 ritate.
776 2457 835 2525 Ego
847 2467 917 2510 certe
930 2457 1074 2526 genitivum
1086 2460 1185 2526 genni-

120 2555 168 2588 nee
179 2536 278 2599 calida;
292 2537 338 2590 sed
352 2537 383 2589 ad
397 2549 512 2591 mortem
523 2541 631 2610 respici·
678 2555 743 2588 num
754 2534 923 2589 scribendum
943 2554 1037 2587 censeo
1050 2541 1185 2600 mensium

121 2626 171 2679 tur,
181 2635 308 2682 quaecum
316 2616 413 2685 frigore
421 2617 493 2670 venit
502 2628 528 2670 et
536 2638 629 2688 corpus
677 2614 747 2666 inter
757 2612 937 2666 scandendum
946 2630 1024 2676 vero,
1038 2630 1071 2664 ne
1081 2612 1129 2681 legi
1139 2614 1185 2666 Pe·

120 2694 248 2763 privatnm
261 2696 350 2747 anima
360 2696 484 2767 [rigidum
497 2698 629 2767 relinquit.
677 2690 726 2743 ‘³5²
738 2689 901 2760 ⁰Pped²l¹¹rr
915 2689 1032 2743 adhiberi
1048 2706 1121 2758 ΡΜ
1132 2688 1185 2760 55·

120 2775 208 2824 Ea-
220 2777 330 2827 Trahere
340 2780 450 2835 minam,
464 2779 628 2832 eamsaffle:
677 2770 787 2823 naeresin
802 2789 848 2822 sen
861 2769 1095 2841 Synecphonesin‚
1111 2777 1140 2819 ut
1156 2768 1183 2819 in

121 2851 225 2905 AEneid.
242 2853 286 2918 ll,
300 2851 364 2918 4663
378 2852 424 2904 sed
435 2857 531 2907 trahere
542 2873 624 2920 spem,
678 2847 783 2900 AEneid.
792 2847 831 2900 Vl
840 2886 847 2912 ,
857 2849 903 2912 33,
915 2851 1184 2915 quoprotinusonrnia

120 2947 177 2981 earn
188 2947 280 2982 secum
296 2930 408 2983 auferre.
426 2931 559 2986 Exstincto
574 2934 629 2987 filio
677 2928 1183 2997 Perlegtoentocalr'sAEtapudNostrum,

121 3007 630 3079 herede,eoquesortissimo,magnaca·
678 3006 707 3071 l,
721 3011 783 3071 150,
796 3004 902 3074 quidam
914 3006 1005 3073 legunt
1020 3008 1117 3058 Iller'ma
1127 3025 1183 3059 ce-

123 3082 220 3138 lamitas
232 3093 324 3152 patna·
338 3086 507 3139 inserebatur.
525 3089 630 3141 Trahere
676 3087 774 3137 lestriam
785 3095 864 3135 terras
875 3086 974 3135 Arma
985 3086 1089 3152 reliquit.
1103 3085 1185 3139 Ed.-

124 3173 240 3214 sumtum
255 3165 347 3229 abeo,
365 3163 412 3232 qni
428 3163 522 3218 cadens
538 3184 628 3220 recum
677 3163 785 3223 Decem
801 3178 898 3228 nempe
910 3159 1014 3213 lunares
1025 3181 1129 3216 menses
1140 3163 1183 3215 in-

124 3239 211 3290 aufert
221 3239 329 3308 aliquid,
343 3240 413 3294 unde
422 3242 496 3294 ruina
505 3243 596 3295 oritur.
676 3238 917 3307 telligee-Mmre
924 3248 1025 3301 norim
1040 3259 1097 3307 qnae
1108 3241 1184 3309 stipi·

157 3318 216 3387 499.
229 3317 364 3381 Ullum
378 3319 419 3372 cui
430 3339 502 3371 nune
510 3332 627 3390 prosunt.
677 3325 731 3367 tem
741 3334 787 3367 sen
796 3326 896 3367 torrem
905 3316 932 3367 in
942 3314 1013 3368 hunc
1024 3335 1104 3385 usque
1112 3316 1184 3369 diem

119 3394 213 3444 -Pr'a
225 3403 299 3454 mm
312 3397 385 3450 multi
394 3437 401 3462 ,
410 3400 540 3465 piajm,
557 3399 628 3468 quod
675 3394 782 3447 servari.
796 3397 844 3446 Eat

119 3472 227 3539 prefert
241 3471 370 3528 Heinsius.
387 3479 454 3528 Vota
463 3476 521 3541 illa,
535 3478 628 3544 quibus
710 3475 765 3526 503.
777 3475 901 3536 Modern
915 3473 1086 3526 Burmannus
1097 3471 1186 3523 mallet

118 3550 271 3617 superstites
282 3551 330 3604 sibi
341 3567 435 3611 vovent
443 3567 580 3625 parentes,
593 3574 627 3608 ne
676 3560 796 3611 moriare.
811 3553 880 3622 quod
893 3555 991 3607 furenti
1003 3553 1095 3620 aptius.
1109 3549 1185 3617 Regii

117 3627 412 3686 turbeturmortalitatis
420 3633 493 3687 ordo.
506 3636 564 3687 Hoc
566 3635 628 3702 jus·
676 3632 757 3683 nostri
768 3631 833 3683 nihil
841 3641 952 3683 mutant.
960 3630 1123 3687 -Pmnr'al
1134 3644 1185 3692 ΡΨ

116 3709 243 3757 tissima
258 3717 341 3760 votnm
359 3721 433 3764 vocat
453 3712 573 3775 Seneca,
595 3711 627 3763 ad
676 3729 757 3762 na.·-
768 3712 817 3762 Vc!
825 3730 863 3762 me
875 3721 924 3762 etc.
937 3708 998 3775 qnia
1012 3705 1107 3756 Manes
1116 3703 1185 3757 inse-

117 3781 264 3851 Maretap.
274 3789 420 3854 roJmpr'um
429 3800 520 3841 contra
529 3798 623 3848 rutum,
675 3787 726 3839 ria
740 3787 878 3855 postulant.

116 3859 138 3911 si
155 3878 183 3912 ee
201 3866 350 3930 superstites
365 3867 453 3919 liberis
468 3878 561 3936 optent
576 3885 628 3934 pa·
710 3865 767 3917 506.
777 3867 909 3929 Etcum
923 3861 1017 3911 fratres
1027 3857 1111 3912 ulcisci
1121 3860 1185 3914 enb-

69 3933 72 3938 ’
116 3948 214 3992 rentes.
223 3939 376 4009 Suetonius,
385 3945 628 3999 Tissensiu-
676 3944 842 4013 intelligatur.
852 3944 985 4006 Etnequeo
993 3938 1020 3991 in
1029 3939 1115 4009 ignem
1125 3962 1184 3996 ton·

115 4017 231 4071 lentum
243 4040 292 4089 pro
304 4025 537 4076 mensimnotarit
551 4023 628 4075 Pris-
675 4025 755 4091 jicere
777 4015 877 4075 torr'em
896 4021 1007 4088 pietate,
1030 4038 1080 4090 qne
1098 4022 1184 4075 filium

117 4095 559 4169 cianus,lil›.Vll:Seneca,‘l'heb.
569 4101 627 4166 535,
647 4111 648 4114 ’
675 4115 837 4168 prosequor,
850 4095 983 4166 impedita.
996 4099 1045 4151 Ee.
1058 4127 1092 4141 -
1103 4102 1184 4162 suar,-
