<?xml version="1.0" encoding="UTF-8"?>
<!DOCTYPE html PUBLIC "-//W3C//DTD XHTML 1.0 Transitional//EN"
    "http://www.w3.org/TR/xhtml1/DTD/xhtml1-transitional.dtd">
<html xmlns="http://www.w3.org/1999/xhtml" xml:lang="en" lang="en">
 <head>
  <title>
</title>
<meta http-equiv="Content-Type" content="text/html;charset=utf-8" />
  <meta name='ocr-system' content='tesseract 3.04.00' />
  <meta name='ocr-capabilities' content='ocr_page ocr_carea ocr_par ocr_line ocrx_word'/>
</head>
<body>
  <div class='ocr_page' id='page_1' title='image "./publiiovidiinas07massgoog_0154.png"; bbox 0 0 2708 5094; ppageno 0'>
   <div class='ocr_carea' id='block_1_1' title="bbox 237 794 1008 881">
    <p class='ocr_par' dir='ltr' id='par_1_1' title="bbox 237 794 1008 881">
     <span class='ocr_line' id='line_1_1' title="bbox 237 794 1008 881; baseline 0.001 -20"><span class='ocrx_word' id='word_1_1' title='bbox 237 797 297 881; x_wconf 59' lang='lat' dir='ltr'>,aa</span> <span class='ocrx_word' id='word_1_2' title='bbox 511 798 550 861; x_wconf 79' lang='lat' dir='ltr'>u.</span> <span class='ocrx_word' id='word_1_3' title='bbox 577 795 753 863; x_wconf 82' lang='lat' dir='ltr'>ovrun</span> <span class='ocrx_word' id='word_1_4' title='bbox 779 794 1008 862; x_wconf 80' lang='lat' dir='ltr'>nasonrs</span> 
     </span>
    </p>
   </div>
   <div class='ocr_carea' id='block_1_2' title="bbox 141 932 1295 2068">
    <p class='ocr_par' dir='ltr' id='par_1_2' title="bbox 231 932 1223 1031">
     <span class='ocr_line' id='line_1_2' title="bbox 231 932 1223 1031; baseline 0.002 -24"><span class='ocrx_word' id='word_1_5' title='bbox 231 936 365 1031; x_wconf 86' lang='lat' dir='ltr'>Quum,</span> <span class='ocrx_word' id='word_1_6' title='bbox 383 933 472 1007; x_wconf 84' lang='lat' dir='ltr'>velut</span> <span class='ocrx_word' id='word_1_7' title='bbox 488 961 653 1007; x_wconf 68' lang='lat' dir='ltr'>excusum</span> <span class='ocrx_word' id='word_1_8' title='bbox 669 959 807 1017; x_wconf 84' lang='lat' dir='ltr'>somno,</span> <span class='ocrx_word' id='word_1_9' title='bbox 823 949 856 1005; x_wconf 91' lang='lat' dir='ltr'>et</span> <span class='ocrx_word' id='word_1_10' title='bbox 873 932 1043 1005; x_wconf 79' lang='lat' dir='ltr'>manifesta</span> <span class='ocrx_word' id='word_1_11' title='bbox 1057 933 1223 1009; x_wconf 66' lang='lat' dir='ltr'>videntem</span> 
     </span>
    </p>

    <p class='ocr_par' dir='ltr' id='par_1_3' title="bbox 232 1046 1293 1263">
     <span class='ocr_line' id='line_1_3' title="bbox 232 1046 1293 1141; baseline 0.003 -20"><span class='ocrx_word' id='word_1_12' title='bbox 232 1050 285 1121; x_wconf 90' lang='lat' dir='ltr'>Sic</span> <span class='ocrx_word' id='word_1_13' title='bbox 302 1049 408 1121; x_wconf 80' lang='lat' dir='ltr'>adfata</span> <span class='ocrx_word' id='word_1_14' title='bbox 425 1050 495 1121; x_wconf 86' lang='lat' dir='ltr'>Dea</span> <span class='ocrx_word' id='word_1_15' title='bbox 511 1066 581 1121; x_wconf 86' lang='lat' dir='ltr'>est:</span> <span class='ocrx_word' id='word_1_16' title='bbox 600 1081 617 1111; x_wconf 77' lang='grc' dir='ltr'>α</span> <span class='ocrx_word' id='word_1_17' title='bbox 634 1050 734 1133; x_wconf 84' lang='lat' dir='ltr'>Pars,</span> <span class='ocrx_word' id='word_1_18' title='bbox 752 1046 982 1132; x_wconf 85' lang='lat' dir='ltr'>oTcletltusa,</span> <span class='ocrx_word' id='word_1_19' title='bbox 999 1076 1166 1137; x_wconf 87' lang='lat' dir='ltr'>mearum,</span> <span class='ocrx_word' id='word_1_20' title='bbox 1238 1070 1293 1141; x_wconf 64' lang='lat'>695</span> 
     </span>
     <span class='ocr_line' id='line_1_4' title="bbox 232 1162 1079 1263; baseline -0.001 -26"><span class='ocrx_word' id='word_1_21' title='bbox 232 1197 250 1228; x_wconf 87' lang='lat'>»</span> <span class='ocrx_word' id='word_1_22' title='bbox 271 1166 362 1237; x_wconf 88' lang='lat' dir='ltr'>Pone</span> <span class='ocrx_word' id='word_1_23' title='bbox 378 1192 490 1259; x_wconf 82' lang='lat' dir='ltr'>graves</span> <span class='ocrx_word' id='word_1_24' title='bbox 506 1192 617 1249; x_wconf 79' lang='lat' dir='ltr'>curas3</span> <span class='ocrx_word' id='word_1_25' title='bbox 634 1164 852 1263; x_wconf 85' lang='lat' dir='ltr'>mandataque</span> <span class='ocrx_word' id='word_1_26' title='bbox 868 1162 943 1236; x_wconf 84' lang='lat' dir='ltr'>salle</span> <span class='ocrx_word' id='word_1_27' title='bbox 958 1164 1079 1236; x_wconf 85' lang='lat' dir='ltr'>mariti.</span> 
     </span>
    </p>

    <p class='ocr_par' dir='ltr' id='par_1_4' title="bbox 234 1276 1065 1378">
     <span class='ocr_line' id='line_1_5' title="bbox 234 1276 1065 1378; baseline 0 -26"><span class='ocrx_word' id='word_1_28' title='bbox 234 1315 252 1346; x_wconf 88' lang='lat'>»</span> <span class='ocrx_word' id='word_1_29' title='bbox 270 1283 339 1353; x_wconf 87' lang='lat' dir='ltr'>Nec</span> <span class='ocrx_word' id='word_1_30' title='bbox 357 1276 493 1364; x_wconf 88' lang='lat' dir='ltr'>dubita,</span> <span class='ocrx_word' id='word_1_31' title='bbox 512 1306 612 1377; x_wconf 89' lang='lat' dir='ltr'>quum</span> <span class='ocrx_word' id='word_1_32' title='bbox 630 1295 662 1350; x_wconf 90' lang='lat' dir='ltr'>te</span> <span class='ocrx_word' id='word_1_33' title='bbox 679 1298 776 1378; x_wconf 93' lang='lat' dir='ltr'>partu</span> <span class='ocrx_word' id='word_1_34' title='bbox 793 1279 917 1352; x_wconf 86' lang='lat' dir='ltr'>Lucina</span> <span class='ocrx_word' id='word_1_35' title='bbox 932 1278 1065 1367; x_wconf 83' lang='lat' dir='ltr'>levarit,</span> 
     </span>
    </p>

    <p class='ocr_par' dir='ltr' id='par_1_5' title="bbox 233 1393 1242 1496">
     <span class='ocr_line' id='line_1_6' title="bbox 233 1393 1242 1496; baseline 0.003 -28"><span class='ocrx_word' id='word_1_36' title='bbox 233 1429 251 1459; x_wconf 69' lang='lat' dir='ltr'>n</span> <span class='ocrx_word' id='word_1_37' title='bbox 269 1393 398 1468; x_wconf 80' lang='lat' dir='ltr'>Tollere</span> <span class='ocrx_word' id='word_1_38' title='bbox 415 1393 578 1495; x_wconf 90' lang='lat' dir='ltr'>quidquid</span> <span class='ocrx_word' id='word_1_39' title='bbox 593 1394 676 1467; x_wconf 90' lang='lat' dir='ltr'>erit:</span> <span class='ocrx_word' id='word_1_40' title='bbox 695 1396 852 1467; x_wconf 85' lang='lat' dir='ltr'>Densum</span> <span class='ocrx_word' id='word_1_41' title='bbox 870 1393 1056 1483; x_wconf 83' lang='lat' dir='ltr'>auxiliaris,</span> <span class='ocrx_word' id='word_1_42' title='bbox 1074 1424 1242 1496; x_wconf 82' lang='lat' dir='ltr'><strong>opemque</strong></span> 
     </span>
    </p>

    <p class='ocr_par' dir='ltr' id='par_1_6' title="bbox 234 1508 969 1608">
     <span class='ocr_line' id='line_1_7' title="bbox 234 1508 969 1608; baseline 0.001 -26"><span class='ocrx_word' id='word_1_43' title='bbox 234 1544 252 1574; x_wconf 87' lang='lat'>»</span> <span class='ocrx_word' id='word_1_44' title='bbox 273 1512 414 1583; x_wconf 81' lang='lat' dir='ltr'>Exorata</span> <span class='ocrx_word' id='word_1_45' title='bbox 431 1510 523 1595; x_wconf 81' lang='lat' dir='ltr'>tero;</span> <span class='ocrx_word' id='word_1_46' title='bbox 539 1537 599 1582; x_wconf 90' lang='lat' dir='ltr'>uec</span> <span class='ocrx_word' id='word_1_47' title='bbox 616 1525 648 1581; x_wconf 86' lang='lat' dir='ltr'>te</span> <span class='ocrx_word' id='word_1_48' title='bbox 666 1508 807 1582; x_wconf 88' lang='lat' dir='ltr'>coluisse</span> <span class='ocrx_word' id='word_1_49' title='bbox 824 1512 969 1608; x_wconf 84' lang='lat' dir='ltr'>quereris</span> 
     </span>
    </p>

    <p class='ocr_par' dir='ltr' id='par_1_7' title="bbox 141 1622 1295 1839">
     <span class='ocr_line' id='line_1_8' title="bbox 141 1622 1295 1723; baseline 0 -26"><span class='ocrx_word' id='word_1_50' title='bbox 141 1622 149 1634; x_wconf 67' lang='grc'><em>’</em></span> <span class='ocrx_word' id='word_1_51' title='bbox 235 1659 254 1691; x_wconf 87' lang='lat'>»</span> <span class='ocrx_word' id='word_1_52' title='bbox 274 1628 443 1719; x_wconf 80' lang='lat' dir='ltr'>Ingratum</span> <span class='ocrx_word' id='word_1_53' title='bbox 461 1652 590 1698; x_wconf 89' lang='lat' dir='ltr'>numen.</span> <span class='ocrx_word' id='word_1_54' title='bbox 609 1656 627 1687; x_wconf 75' lang='lat' dir='ltr'>n</span> <span class='ocrx_word' id='word_1_55' title='bbox 646 1623 800 1709; x_wconf 82' lang='lat' dir='ltr'><strong>Monuit,</strong></span> <span class='ocrx_word' id='word_1_56' title='bbox 822 1622 1031 1723; x_wconf 78' lang='lat' dir='ltr'>thalamoque</span> <span class='ocrx_word' id='word_1_57' title='bbox 1046 1625 1189 1698; x_wconf 82' lang='lat' dir='ltr'>recessit</span> <span class='ocrx_word' id='word_1_58' title='bbox 1244 1664 1295 1717; x_wconf 78' lang='lat'>7⁰⁰</span> 
     </span>
     <span class='ocr_line' id='line_1_9' title="bbox 232 1738 1068 1839; baseline -0.007 -23"><span class='ocrx_word' id='word_1_59' title='bbox 232 1746 320 1816; x_wconf 85' lang='lat' dir='ltr'>Laeta</span> <span class='ocrx_word' id='word_1_60' title='bbox 339 1759 411 1815; x_wconf 91' lang='lat' dir='ltr'>toro</span> <span class='ocrx_word' id='word_1_61' title='bbox 427 1740 550 1836; x_wconf 82' lang='lat' dir='ltr'><strong>surgit,</strong></span> <span class='ocrx_word' id='word_1_62' title='bbox 567 1767 730 1839; x_wconf 90' lang='lat' dir='ltr'>purasque</span> <span class='ocrx_word' id='word_1_63' title='bbox 748 1740 788 1811; x_wconf 90' lang='lat' dir='ltr'>ad</span> <span class='ocrx_word' id='word_1_64' title='bbox 805 1738 911 1812; x_wconf 82' lang='lat' dir='ltr'>sidera</span> <span class='ocrx_word' id='word_1_65' title='bbox 928 1738 1068 1838; x_wconf 81' lang='lat' dir='ltr'><strong>supplex</strong></span> 
     </span>
    </p>

    <p class='ocr_par' dir='ltr' id='par_1_8' title="bbox 235 1852 1147 1953">
     <span class='ocr_line' id='line_1_10' title="bbox 235 1852 1147 1953; baseline -0.004 -22"><span class='ocrx_word' id='word_1_66' title='bbox 235 1858 353 1933; x_wconf 83' lang='lat' dir='ltr'>Cressa</span> <span class='ocrx_word' id='word_1_67' title='bbox 369 1884 485 1931; x_wconf 87' lang='lat' dir='ltr'>manus</span> <span class='ocrx_word' id='word_1_68' title='bbox 505 1855 640 1941; x_wconf 88' lang='lat' dir='ltr'>tollens,</span> <span class='ocrx_word' id='word_1_69' title='bbox 659 1871 728 1927; x_wconf 92' lang='lat' dir='ltr'>rata</span> <span class='ocrx_word' id='word_1_70' title='bbox 744 1853 811 1925; x_wconf 91' lang='lat' dir='ltr'>sint</span> <span class='ocrx_word' id='word_1_71' title='bbox 826 1881 885 1926; x_wconf 87' lang='lat' dir='ltr'>sua</span> <span class='ocrx_word' id='word_1_72' title='bbox 902 1852 969 1926; x_wconf 81' lang='lat' dir='ltr'>visa</span> <span class='ocrx_word' id='word_1_73' title='bbox 988 1871 1147 1953; x_wconf 78' lang='lat' dir='ltr'>precatur.</span> 
     </span>
    </p>

    <p class='ocr_par' dir='ltr' id='par_1_9' title="bbox 232 1968 1123 2068">
     <span class='ocr_line' id='line_1_11' title="bbox 232 1968 1123 2068; baseline -0.004 -21"><span class='ocrx_word' id='word_1_74' title='bbox 232 1978 280 2047; x_wconf 95' lang='lat' dir='ltr'>Ut</span> <span class='ocrx_word' id='word_1_75' title='bbox 297 1973 394 2046; x_wconf 91' lang='lat' dir='ltr'>dolor</span> <span class='ocrx_word' id='word_1_76' title='bbox 411 1972 566 2055; x_wconf 79' lang='lat' dir='ltr'>increvit,</span> <span class='ocrx_word' id='word_1_77' title='bbox 583 1997 683 2068; x_wconf 90' lang='lat' dir='ltr'>seque</span> <span class='ocrx_word' id='word_1_78' title='bbox 701 1968 810 2068; x_wconf 90' lang='lat' dir='ltr'>ipsum</span> <span class='ocrx_word' id='word_1_79' title='bbox 825 1968 959 2068; x_wconf 86' lang='lat' dir='ltr'>pondus</span> <span class='ocrx_word' id='word_1_80' title='bbox 977 1969 1123 2043; x_wconf 80' lang='lat' dir='ltr'>inauras</span> 
     </span>
    </p>
   </div>
   <div class='ocr_carea' id='block_1_3' title="bbox 232 2140 1299 4618">
    <p class='ocr_par' dir='ltr' id='par_1_10' title="bbox 232 2140 1299 4618">
     <span class='ocr_line' id='line_1_12' title="bbox 233 2140 1293 2216; baseline -0.002 -17"><span class='ocrx_word' id='word_1_81' title='bbox 233 2144 326 2216; x_wconf 87' lang='lat' dir='ltr'>aspidis</span> <span class='ocrx_word' id='word_1_82' title='bbox 334 2163 423 2197; x_wconf 89' lang='lat' dir='ltr'>morsu</span> <span class='ocrx_word' id='word_1_83' title='bbox 432 2142 460 2195; x_wconf 89' lang='lat' dir='ltr'>iu</span> <span class='ocrx_word' id='word_1_84' title='bbox 467 2160 589 2196; x_wconf 88' lang='lat' dir='ltr'>somnum</span> <span class='ocrx_word' id='word_1_85' title='bbox 599 2141 681 2195; x_wconf 90' lang='lat' dir='ltr'>soluta</span> <span class='ocrx_word' id='word_1_86' title='bbox 690 2160 735 2194; x_wconf 83' lang='lat' dir='ltr'>er·</span> <span class='ocrx_word' id='word_1_87' title='bbox 781 2144 875 2194; x_wconf 74' lang='lat' dir='ltr'>lere-</span> <span class='ocrx_word' id='word_1_88' title='bbox 887 2144 979 2194; x_wconf 79' lang='lat' dir='ltr'>Tollere</span> <span class='ocrx_word' id='word_1_89' title='bbox 989 2140 1032 2195; x_wconf 88' lang='lat' dir='ltr'>bic</span> <span class='ocrx_word' id='word_1_90' title='bbox 1043 2152 1082 2195; x_wconf 86' lang='lat' dir='ltr'>est</span> <span class='ocrx_word' id='word_1_91' title='bbox 1093 2140 1222 2210; x_wconf 79' lang='lat' dir='ltr'>educare,</span> <span class='ocrx_word' id='word_1_92' title='bbox 1236 2164 1293 2197; x_wconf 88' lang='lat' dir='ltr'>non</span> 
     </span>
     <span class='ocr_line' id='line_1_13' title="bbox 232 2218 1294 2293; baseline -0.003 -16"><span class='ocrx_word' id='word_1_93' title='bbox 232 2222 344 2293; x_wconf 75' lang='lat' dir='ltr'>spiravit.</span> <span class='ocrx_word' id='word_1_94' title='bbox 357 2222 475 2288; x_wconf 66' lang='lat' dir='ltr'>Propert,</span> <span class='ocrx_word' id='word_1_95' title='bbox 490 2220 548 2283; x_wconf 93' lang='lat' dir='ltr'>lll,</span> <span class='ocrx_word' id='word_1_96' title='bbox 562 2234 602 2283; x_wconf 73' lang='grc' dir='ltr'>ῐκ,</span> <span class='ocrx_word' id='word_1_97' title='bbox 616 2218 664 2275; x_wconf 74' lang='lat'>53:</span> <span class='ocrx_word' id='word_1_98' title='bbox 681 2218 735 2270; x_wconf 88' lang='lat' dir='ltr'>Lu·</span> <span class='ocrx_word' id='word_1_99' title='bbox 783 2239 931 2290; x_wconf 81' lang='lat' dir='ltr'><strong>exponere,</strong></span> <span class='ocrx_word' id='word_1_100' title='bbox 953 2239 1006 2271; x_wconf 89' lang='lat' dir='ltr'>non</span> <span class='ocrx_word' id='word_1_101' title='bbox 1023 2220 1178 2274; x_wconf 79' lang='lat' dir='ltr'>interlicere.</span> <span class='ocrx_word' id='word_1_102' title='bbox 1196 2222 1249 2274; x_wconf 71' lang='lat' dir='ltr'>El.</span> <span class='ocrx_word' id='word_1_103' title='bbox 1260 2251 1294 2263; x_wconf 89' lang='lat'><em>-</em></span> 
     </span>
     <span class='ocr_line' id='line_1_14' title="bbox 233 2295 1293 2367; baseline 0.001 -15"><span class='ocrx_word' id='word_1_104' title='bbox 233 2319 289 2352; x_wconf 91' lang='lat' dir='ltr'>can.</span> <span class='ocrx_word' id='word_1_105' title='bbox 300 2299 356 2362; x_wconf 83' lang='lat' dir='ltr'>IX,</span> <span class='ocrx_word' id='word_1_106' title='bbox 370 2318 407 2350; x_wconf 81' lang='lat' dir='ltr'>ta.</span> <span class='ocrx_word' id='word_1_107' title='bbox 420 2297 450 2349; x_wconf 90' lang='lat' dir='ltr'>ln</span> <span class='ocrx_word' id='word_1_108' title='bbox 462 2296 547 2349; x_wconf 75' lang='lat' dir='ltr'>lsiacls</span> <span class='ocrx_word' id='word_1_109' title='bbox 558 2295 735 2348; x_wconf 74' lang='lat' dir='ltr'>monumentis</span> <span class='ocrx_word' id='word_1_110' title='bbox 783 2300 841 2351; x_wconf 74' lang='lat' dir='ltr'>lrea</span> <span class='ocrx_word' id='word_1_111' title='bbox 851 2318 906 2350; x_wconf 82' lang='lat' dir='ltr'>seme</span> <span class='ocrx_word' id='word_1_112' title='bbox 922 2304 1064 2353; x_wconf 72' lang='lat' dir='ltr'>auelle’are‘s.</span> <span class='ocrx_word' id='word_1_113' title='bbox 1080 2298 1122 2352; x_wconf 79' lang='lat' dir='ltr'>Ad</span> <span class='ocrx_word' id='word_1_114' title='bbox 1138 2299 1164 2352; x_wconf 90' lang='lat' dir='ltr'>id</span> <span class='ocrx_word' id='word_1_115' title='bbox 1179 2300 1293 2367; x_wconf 75' lang='lat' dir='ltr'>alludit,</span> 
     </span>
     <span class='ocr_line' id='line_1_15' title="bbox 233 2372 1293 2451; baseline 0.002 -20"><span class='ocrx_word' id='word_1_116' title='bbox 233 2381 386 2446; x_wconf 76' lang='lat' dir='ltr'>frequenter</span> <span class='ocrx_word' id='word_1_117' title='bbox 405 2374 471 2444; x_wconf 90' lang='lat' dir='ltr'>aspis</span> <span class='ocrx_word' id='word_1_118' title='bbox 485 2374 603 2428; x_wconf 86' lang='lat' dir='ltr'>occurrit.</span> <span class='ocrx_word' id='word_1_119' title='bbox 617 2372 735 2427; x_wconf 84' lang='lat' dir='ltr'>Valerius</span> <span class='ocrx_word' id='word_1_120' title='bbox 784 2377 853 2446; x_wconf 88' lang='lat' dir='ltr'>qnod</span> <span class='ocrx_word' id='word_1_121' title='bbox 864 2389 908 2442; x_wconf 91' lang='lat' dir='ltr'>,ut</span> <span class='ocrx_word' id='word_1_122' title='bbox 917 2377 1005 2430; x_wconf 75' lang='lat' dir='ltr'>scribit</span> <span class='ocrx_word' id='word_1_123' title='bbox 1015 2376 1163 2443; x_wconf 85' lang='lat' dir='ltr'>Diodorus,</span> <span class='ocrx_word' id='word_1_124' title='bbox 1173 2378 1293 2451; x_wconf 71' lang='lat' dir='ltr'>AEgyptii</span> 
     </span>
     <span class='ocr_line' id='line_1_16' title="bbox 234 2450 1293 2524; baseline 0.003 -17"><span class='ocrx_word' id='word_1_125' title='bbox 234 2454 301 2508; x_wconf 85' lang='lat' dir='ltr'>Flac.</span> <span class='ocrx_word' id='word_1_126' title='bbox 313 2453 361 2518; x_wconf 89' lang='lat' dir='ltr'>lV,</span> <span class='ocrx_word' id='word_1_127' title='bbox 374 2450 736 2522; x_wconf 71' lang='lat' dir='ltr'>418,-Micylluset8alllius</span> <span class='ocrx_word' id='word_1_128' title='bbox 784 2464 917 2518; x_wconf 88' lang='lat' dir='ltr'>asserunt,</span> <span class='ocrx_word' id='word_1_129' title='bbox 939 2454 1034 2507; x_wconf 90' lang='lat' dir='ltr'>lsidem</span> <span class='ocrx_word' id='word_1_130' title='bbox 1052 2454 1227 2524; x_wconf 83' lang='lat' dir='ltr'>plurimorum</span> <span class='ocrx_word' id='word_1_131' title='bbox 1243 2456 1293 2510; x_wconf 88' lang='lat' dir='ltr'>iu-</span> 
     </span>
     <span class='ocr_line' id='line_1_17' title="bbox 234 2528 1293 2601; baseline 0.002 -18"><span class='ocrx_word' id='word_1_132' title='bbox 234 2551 282 2601; x_wconf 88' lang='lat' dir='ltr'>per</span> <span class='ocrx_word' id='word_1_133' title='bbox 301 2539 433 2598; x_wconf 70' lang='lat' dir='ltr'>serpentem</span> <span class='ocrx_word' id='word_1_134' title='bbox 454 2528 611 2582; x_wconf 79' lang='lat' dir='ltr'>crocodilum</span> <span class='ocrx_word' id='word_1_135' title='bbox 634 2528 736 2580; x_wconf 88' lang='lat' dir='ltr'>intelli·</span> <span class='ocrx_word' id='word_1_136' title='bbox 784 2532 926 2583; x_wconf 87' lang='lat' dir='ltr'>ventricem</span> <span class='ocrx_word' id='word_1_137' title='bbox 936 2532 1013 2584; x_wconf 83' lang='lat' dir='ltr'>fuisse</span> <span class='ocrx_word' id='word_1_138' title='bbox 1021 2531 1052 2584; x_wconf 87' lang='lat' dir='ltr'>ad</span> <span class='ocrx_word' id='word_1_139' title='bbox 1064 2533 1168 2601; x_wconf 83' lang='lat' dir='ltr'>morbos</span> <span class='ocrx_word' id='word_1_140' title='bbox 1176 2532 1293 2587; x_wconf 85' lang='lat' dir='ltr'>medica-</span> 
     </span>
     <span class='ocr_line' id='line_1_18' title="bbox 235 2607 1293 2679; baseline 0.002 -18"><span class='ocrx_word' id='word_1_141' title='bbox 235 2620 317 2679; x_wconf 73' lang='lat' dir='ltr'>guut,</span> <span class='ocrx_word' id='word_1_142' title='bbox 337 2610 410 2677; x_wconf 80' lang='lat' dir='ltr'>cujus</span> <span class='ocrx_word' id='word_1_143' title='bbox 429 2627 531 2661; x_wconf 90' lang='lat' dir='ltr'>morsus</span> <span class='ocrx_word' id='word_1_144' title='bbox 554 2610 564 2669; x_wconf 77' lang='lat' dir='ltr'>l</span> <span class='ocrx_word' id='word_1_145' title='bbox 575 2618 600 2659; x_wconf 90' lang='lat' dir='ltr'>at</span> <span class='ocrx_word' id='word_1_146' title='bbox 620 2607 661 2658; x_wconf 92' lang='lat' dir='ltr'>ille</span> <span class='ocrx_word' id='word_1_147' title='bbox 681 2626 736 2658; x_wconf 90' lang='lat' dir='ltr'>uon</span> <span class='ocrx_word' id='word_1_148' title='bbox 785 2618 952 2675; x_wconf 91' lang='lat' dir='ltr'>mentorum,</span> <span class='ocrx_word' id='word_1_149' title='bbox 966 2618 992 2661; x_wconf 88' lang='lat' dir='ltr'>et</span> <span class='ocrx_word' id='word_1_150' title='bbox 1003 2607 1138 2663; x_wconf 66' lang='lat' dir='ltr'>medicine</span> <span class='ocrx_word' id='word_1_151' title='bbox 1148 2610 1195 2663; x_wconf 89' lang='lat' dir='ltr'>arti</span> <span class='ocrx_word' id='word_1_152' title='bbox 1207 2610 1293 2663; x_wconf 88' lang='lat' dir='ltr'>multa</span> 
     </span>
     <span class='ocr_line' id='line_1_19' title="bbox 235 2684 1293 2755; baseline -0.002 -15"><span class='ocrx_word' id='word_1_153' title='bbox 235 2687 358 2753; x_wconf 88' lang='lat' dir='ltr'>mordet,</span> <span class='ocrx_word' id='word_1_154' title='bbox 376 2686 421 2741; x_wconf 87' lang='lat' dir='ltr'>sed</span> <span class='ocrx_word' id='word_1_155' title='bbox 442 2686 570 2751; x_wconf 79' lang='lat' dir='ltr'>devorat)</span> <span class='ocrx_word' id='word_1_156' title='bbox 591 2686 737 2738; x_wconf 86' lang='lat' dir='ltr'>insanabilis</span> <span class='ocrx_word' id='word_1_157' title='bbox 784 2684 1293 2755; x_wconf 76' lang='lat' dir='ltr'>contulisse:quamimmortalitatequo</span> 
     </span>
     <span class='ocr_line' id='line_1_20' title="bbox 234 2761 1295 2834; baseline -0.003 -14"><span class='ocrx_word' id='word_1_158' title='bbox 234 2768 274 2821; x_wconf 87' lang='lat' dir='ltr'>sit.</span> <span class='ocrx_word' id='word_1_159' title='bbox 284 2768 342 2821; x_wconf 92' lang='lat' dir='ltr'>lmo</span> <span class='ocrx_word' id='word_1_160' title='bbox 354 2775 423 2819; x_wconf 88' lang='lat' dir='ltr'>recte</span> <span class='ocrx_word' id='word_1_161' title='bbox 432 2765 479 2819; x_wconf 87' lang='lat' dir='ltr'>loc.</span> <span class='ocrx_word' id='word_1_162' title='bbox 488 2765 613 2834; x_wconf 82' lang='lat' dir='ltr'>explicant</span> <span class='ocrx_word' id='word_1_163' title='bbox 626 2764 736 2816; x_wconf 82' lang='lat' dir='ltr'>Facnab.</span> <span class='ocrx_word' id='word_1_164' title='bbox 785 2780 834 2829; x_wconf 86' lang='lat' dir='ltr'>que</span> <span class='ocrx_word' id='word_1_165' title='bbox 847 2763 956 2830; x_wconf 87' lang='lat' dir='ltr'>potitam</span> <span class='ocrx_word' id='word_1_166' title='bbox 965 2761 1295 2827; x_wconf 69' lang='lat' dir='ltr'>gauderebomiuumcul-</span> 
     </span>
     <span class='ocr_line' id='line_1_21' title="bbox 235 2840 1295 2912; baseline -0.004 -13"><span class='ocrx_word' id='word_1_167' title='bbox 235 2856 261 2900; x_wconf 85' lang='lat' dir='ltr'>ot</span> <span class='ocrx_word' id='word_1_168' title='bbox 274 2846 366 2899; x_wconf 84' lang='lat' dir='ltr'>Heius.</span> <span class='ocrx_word' id='word_1_169' title='bbox 377 2844 411 2895; x_wconf 90' lang='lat' dir='ltr'>de</span> <span class='ocrx_word' id='word_1_170' title='bbox 425 2842 528 2912; x_wconf 83' lang='lat' dir='ltr'>aspide,</span> <span class='ocrx_word' id='word_1_171' title='bbox 543 2860 599 2911; x_wconf 71' lang='lat' dir='ltr'>que</span> <span class='ocrx_word' id='word_1_172' title='bbox 613 2842 696 2893; x_wconf 89' lang='lat' dir='ltr'>lsiacis</span> <span class='ocrx_word' id='word_1_173' title='bbox 708 2841 736 2892; x_wconf 92' lang='lat' dir='ltr'>iu</span> <span class='ocrx_word' id='word_1_174' title='bbox 786 2851 813 2892; x_wconf 91' lang='lat' dir='ltr'>tu</span> <span class='ocrx_word' id='word_1_175' title='bbox 824 2880 831 2905; x_wconf 92' lang='lat'>,</span> <span class='ocrx_word' id='word_1_176' title='bbox 844 2841 924 2909; x_wconf 88' lang='lat' dir='ltr'>inque</span> <span class='ocrx_word' id='word_1_177' title='bbox 937 2860 1029 2894; x_wconf 89' lang='lat' dir='ltr'>eorum</span> <span class='ocrx_word' id='word_1_178' title='bbox 1042 2840 1189 2894; x_wconf 84' lang='lat' dir='ltr'>valetudine</span> <span class='ocrx_word' id='word_1_179' title='bbox 1202 2844 1295 2911; x_wconf 67' lang='lat' dir='ltr'>preci-</span> 
     </span>
     <span class='ocr_line' id='line_1_22' title="bbox 234 2919 1297 2988; baseline -0.004 -9"><span class='ocrx_word' id='word_1_180' title='bbox 234 2924 311 2979; x_wconf 82' lang='lat' dir='ltr'>sacris</span> <span class='ocrx_word' id='word_1_181' title='bbox 324 2922 462 2975; x_wconf 75' lang='lat' dir='ltr'>colebatur.</span> <span class='ocrx_word' id='word_1_182' title='bbox 472 2923 587 2973; x_wconf 81' lang='lat' dir='ltr'>Vocatur</span> <span class='ocrx_word' id='word_1_183' title='bbox 593 2924 735 2986; x_wconf 64' lang='lat' dir='ltr'>peregriua,</span> <span class='ocrx_word' id='word_1_184' title='bbox 784 2938 835 2988; x_wconf 89' lang='lat' dir='ltr'>pue</span> <span class='ocrx_word' id='word_1_185' title='bbox 848 2919 961 2984; x_wconf 82' lang='lat' dir='ltr'>versari,</span> <span class='ocrx_word' id='word_1_186' title='bbox 984 2919 1046 2988; x_wconf 86' lang='lat' dir='ltr'>quin</span> <span class='ocrx_word' id='word_1_187' title='bbox 1060 2919 1138 2971; x_wconf 87' lang='lat' dir='ltr'>etiam</span> <span class='ocrx_word' id='word_1_188' title='bbox 1151 2919 1178 2972; x_wconf 88' lang='lat' dir='ltr'>in</span> <span class='ocrx_word' id='word_1_189' title='bbox 1192 2920 1297 2975; x_wconf 83' lang='lat' dir='ltr'>somnis</span> 
     </span>
     <span class='ocr_line' id='line_1_23' title="bbox 235 2995 1296 3072; baseline -0.006 -15"><span class='ocrx_word' id='word_1_190' title='bbox 235 3005 296 3072; x_wconf 83' lang='lat' dir='ltr'>quia</span> <span class='ocrx_word' id='word_1_191' title='bbox 310 3005 397 3060; x_wconf 80' lang='lat' dir='ltr'>Creta,</span> <span class='ocrx_word' id='word_1_192' title='bbox 413 2999 456 3051; x_wconf 88' lang='lat' dir='ltr'>ubi</span> <span class='ocrx_word' id='word_1_193' title='bbox 472 3018 512 3049; x_wconf 89' lang='lat' dir='ltr'>res</span> <span class='ocrx_word' id='word_1_194' title='bbox 527 3016 597 3050; x_wconf 89' lang='lat' dir='ltr'>nuuc</span> <span class='ocrx_word' id='word_1_195' title='bbox 612 2998 736 3065; x_wconf 76' lang='lat' dir='ltr'>agitatur,</span> <span class='ocrx_word' id='word_1_196' title='bbox 785 2995 869 3064; x_wconf 87' lang='lat' dir='ltr'>palam</span> <span class='ocrx_word' id='word_1_197' title='bbox 880 2996 916 3048; x_wconf 88' lang='lat' dir='ltr'>eis</span> <span class='ocrx_word' id='word_1_198' title='bbox 927 2996 1065 3065; x_wconf 89' lang='lat' dir='ltr'>opitulari,</span> <span class='ocrx_word' id='word_1_199' title='bbox 1084 3015 1150 3065; x_wconf 88' lang='lat' dir='ltr'>quos</span> <span class='ocrx_word' id='word_1_200' title='bbox 1161 2998 1296 3051; x_wconf 76' lang='lat' dir='ltr'>censuerit</span> 
     </span>
     <span class='ocr_line' id='line_1_24' title="bbox 235 3072 946 3145; baseline -0.01 -11"><span class='ocrx_word' id='word_1_201' title='bbox 235 3082 317 3134; x_wconf 88' lang='lat' dir='ltr'>nullas</span> <span class='ocrx_word' id='word_1_202' title='bbox 326 3087 459 3145; x_wconf 72' lang='lat' dir='ltr'>serpentes</span> <span class='ocrx_word' id='word_1_203' title='bbox 471 3072 736 3127; x_wconf 84' lang='lat' dir='ltr'>venenatasbabebat.</span> <span class='ocrx_word' id='word_1_204' title='bbox 787 3073 886 3143; x_wconf 79' lang='lat' dir='ltr'>dignos.</span> <span class='ocrx_word' id='word_1_205' title='bbox 898 3076 946 3127; x_wconf 77' lang='lat' dir='ltr'>Eat</span> 
     </span>
     <span class='ocr_line' id='line_1_25' title="bbox 236 3152 1296 3224; baseline -0.002 -15"><span class='ocrx_word' id='word_1_206' title='bbox 236 3155 318 3209; x_wconf 88' lang='lat' dir='ltr'>Soliu.</span> <span class='ocrx_word' id='word_1_207' title='bbox 330 3173 383 3221; x_wconf 86' lang='lat' dir='ltr'>cap.</span> <span class='ocrx_word' id='word_1_208' title='bbox 395 3153 442 3204; x_wconf 70' lang='lat' dir='ltr'>Xl·</span> <span class='ocrx_word' id='word_1_209' title='bbox 453 3178 485 3189; x_wconf 91' lang='lat'>-</span> <span class='ocrx_word' id='word_1_210' title='bbox 495 3153 629 3201; x_wconf 77' lang='lat' dir='ltr'>Excute’ter</span> <span class='ocrx_word' id='word_1_211' title='bbox 637 3170 735 3207; x_wconf 77' lang='lat' dir='ltr'>somno.</span> <span class='ocrx_word' id='word_1_212' title='bbox 820 3170 875 3218; x_wconf 85' lang='lat'><strong>7⁰⁰·</strong></span> <span class='ocrx_word' id='word_1_213' title='bbox 886 3154 991 3205; x_wconf 81' lang='lat' dir='ltr'>Moaue&#39;l.</span> <span class='ocrx_word' id='word_1_214' title='bbox 1000 3152 1064 3204; x_wconf 82' lang='lat' dir='ltr'>Mox</span> <span class='ocrx_word' id='word_1_215' title='bbox 1074 3172 1140 3205; x_wconf 79' lang='lat' dir='ltr'>vers.</span> <span class='ocrx_word' id='word_1_216' title='bbox 1153 3172 1218 3224; x_wconf 80' lang='lat'><strong>779,</strong></span> <span class='ocrx_word' id='word_1_217' title='bbox 1229 3156 1296 3208; x_wconf 61' lang='lat' dir='ltr'>Com</span> 
     </span>
     <span class='ocr_line' id='line_1_26' title="bbox 236 3228 1299 3301; baseline 0 -17"><span class='ocrx_word' id='word_1_218' title='bbox 236 3234 309 3301; x_wconf 76' lang='lat' dir='ltr'>cujus</span> <span class='ocrx_word' id='word_1_219' title='bbox 332 3247 439 3283; x_wconf 83' lang='lat' dir='ltr'>somnus</span> <span class='ocrx_word' id='word_1_220' title='bbox 465 3228 604 3295; x_wconf 87' lang='lat' dir='ltr'>repentino</span> <span class='ocrx_word' id='word_1_221' title='bbox 629 3232 737 3297; x_wconf 87' lang='lat' dir='ltr'>strepitu</span> <span class='ocrx_word' id='word_1_222' title='bbox 785 3233 871 3281; x_wconf 82' lang='lat' dir='ltr'>silium</span> <span class='ocrx_word' id='word_1_223' title='bbox 880 3235 1176 3298; x_wconf 75' lang='lat' dir='ltr'>momtumqoeeuamst</span> <span class='ocrx_word' id='word_1_224' title='bbox 1191 3232 1299 3285; x_wconf 72' lang='lat' dir='ltr'>Mam</span> 
     </span>
     <span class='ocr_line' id='line_1_27' title="bbox 236 3306 1299 3377; baseline 0 -14"><span class='ocrx_word' id='word_1_225' title='bbox 236 3308 427 3376; x_wconf 87' lang='lat' dir='ltr'>abrumpitur;</span> <span class='ocrx_word' id='word_1_226' title='bbox 456 3308 542 3373; x_wconf 76' lang='lat' dir='ltr'>defluit</span> <span class='ocrx_word' id='word_1_227' title='bbox 563 3323 685 3365; x_wconf 82' lang='lat' dir='ltr'>somnus,</span> <span class='ocrx_word' id='word_1_228' title='bbox 717 3308 737 3360; x_wconf 92' lang='lat' dir='ltr'>si</span> <span class='ocrx_word' id='word_1_229' title='bbox 786 3308 858 3359; x_wconf 88' lang='lat' dir='ltr'>enim</span> <span class='ocrx_word' id='word_1_230' title='bbox 881 3308 985 3377; x_wconf 87' lang='lat' dir='ltr'>proprie</span> <span class='ocrx_word' id='word_1_231' title='bbox 1006 3306 1037 3359; x_wconf 87' lang='lat' dir='ltr'>de</span> <span class='ocrx_word' id='word_1_232' title='bbox 1058 3308 1165 3360; x_wconf 89' lang='lat' dir='ltr'>somniis</span> <span class='ocrx_word' id='word_1_233' title='bbox 1186 3318 1216 3360; x_wconf 88' lang='lat' dir='ltr'>ct</span> <span class='ocrx_word' id='word_1_234' title='bbox 1238 3308 1299 3363; x_wconf 86' lang='lat' dir='ltr'>Diis</span> 
     </span>
     <span class='ocr_line' id='line_1_28' title="bbox 236 3382 1296 3456; baseline 0.002 -18"><span class='ocrx_word' id='word_1_235' title='bbox 236 3395 328 3456; x_wconf 88' lang='lat' dir='ltr'>sponte</span> <span class='ocrx_word' id='word_1_236' title='bbox 342 3382 426 3444; x_wconf 85' lang='lat' dir='ltr'>cedit;</span> <span class='ocrx_word' id='word_1_237' title='bbox 441 3382 527 3435; x_wconf 89' lang='lat' dir='ltr'>Tibul.</span> <span class='ocrx_word' id='word_1_238' title='bbox 540 3382 595 3435; x_wconf 91' lang='lat' dir='ltr'>lll.</span> <span class='ocrx_word' id='word_1_239' title='bbox 612 3386 633 3447; x_wconf 78' lang='grc'>4.</span> <span class='ocrx_word' id='word_1_240' title='bbox 787 3387 887 3439; x_wconf 89' lang='lat' dir='ltr'>somnia</span> <span class='ocrx_word' id='word_1_241' title='bbox 903 3388 1079 3440; x_wconf 87' lang='lat' dir='ltr'>mittentibus:</span> <span class='ocrx_word' id='word_1_242' title='bbox 1103 3385 1160 3437; x_wconf 84' lang='lat' dir='ltr'>vide</span> <span class='ocrx_word' id='word_1_243' title='bbox 1180 3404 1244 3452; x_wconf 79' lang='lat' dir='ltr'>quse</span> <span class='ocrx_word' id='word_1_244' title='bbox 1262 3386 1296 3440; x_wconf 90' lang='lat' dir='ltr'>ad</span> 
     </span>
     <span class='ocr_line' id='line_1_29' title="bbox 267 3460 1298 3533; baseline 0.005 -19"><span class='ocrx_word' id='word_1_245' title='bbox 267 3464 323 3533; x_wconf 73' lang='lat'><strong>595.</strong></span> <span class='ocrx_word' id='word_1_246' title='bbox 341 3464 383 3513; x_wconf 82' lang='lat' dir='ltr'>Se’c</span> <span class='ocrx_word' id='word_1_247' title='bbox 400 3460 492 3525; x_wconf 70' lang='lat' dir='ltr'>arisata</span> <span class='ocrx_word' id='word_1_248' title='bbox 509 3462 573 3513; x_wconf 78' lang='lat' dir='ltr'>Dea.</span> <span class='ocrx_word' id='word_1_249' title='bbox 594 3460 683 3512; x_wconf 85' lang='lat' dir='ltr'>Brevis</span> <span class='ocrx_word' id='word_1_250' title='bbox 701 3473 739 3514; x_wconf 88' lang='lat' dir='ltr'>est</span> <span class='ocrx_word' id='word_1_251' title='bbox 788 3465 871 3531; x_wconf 82' lang='lat' dir='ltr'>Xlll,</span> <span class='ocrx_word' id='word_1_252' title='bbox 885 3466 943 3530; x_wconf 78' lang='lat' dir='ltr'>arll,</span> <span class='ocrx_word' id='word_1_253' title='bbox 952 3486 983 3519; x_wconf 78' lang='lat' dir='ltr'>ex</span> <span class='ocrx_word' id='word_1_254' title='bbox 990 3465 1097 3519; x_wconf 87' lang='lat' dir='ltr'>Heinsio</span> <span class='ocrx_word' id='word_1_255' title='bbox 1108 3461 1298 3519; x_wconf 73' lang='lat' dir='ltr'>dicemush&#39;l.</span> 
     </span>
     <span class='ocr_line' id='line_1_30' title="bbox 236 3538 1297 3611; baseline 0.003 -18"><span class='ocrx_word' id='word_1_256' title='bbox 236 3541 291 3593; x_wconf 75' lang='lat' dir='ltr'>lucc</span> <span class='ocrx_word' id='word_1_257' title='bbox 303 3539 376 3593; x_wconf 82' lang='lat' dir='ltr'>Isidis</span> <span class='ocrx_word' id='word_1_258' title='bbox 388 3538 487 3605; x_wconf 86' lang='lat' dir='ltr'>oratio,</span> <span class='ocrx_word' id='word_1_259' title='bbox 507 3548 533 3591; x_wconf 87' lang='lat' dir='ltr'>et</span> <span class='ocrx_word' id='word_1_260' title='bbox 546 3539 739 3591; x_wconf 84' lang='lat' dir='ltr'>accommodata</span> <span class='ocrx_word' id='word_1_261' title='bbox 822 3547 1159 3611; x_wconf 71' lang='lat' dir='ltr'>701.Pmsqne...maaas.</span> <span class='ocrx_word' id='word_1_262' title='bbox 1175 3542 1239 3596; x_wconf 91' lang='lat' dir='ltr'>Non</span> <span class='ocrx_word' id='word_1_263' title='bbox 1253 3542 1297 3597; x_wconf 75' lang='lat' dir='ltr'>hic</span> 
     </span>
     <span class='ocr_line' id='line_1_31' title="bbox 236 3614 1295 3687; baseline 0.003 -18"><span class='ocrx_word' id='word_1_264' title='bbox 236 3616 396 3685; x_wconf 85' lang='lat' dir='ltr'>temporibus</span> <span class='ocrx_word' id='word_1_265' title='bbox 408 3614 555 3668; x_wconf 68' lang='lat' dir='ltr'>Telethusa</span> <span class='ocrx_word' id='word_1_266' title='bbox 566 3617 700 3669; x_wconf 85' lang='lat' dir='ltr'>moereutis</span> <span class='ocrx_word' id='word_1_267' title='bbox 713 3628 740 3669; x_wconf 91' lang='lat' dir='ltr'>et</span> <span class='ocrx_word' id='word_1_268' title='bbox 788 3619 954 3687; x_wconf 76' lang='lat' dir='ltr'>intelligenda</span> <span class='ocrx_word' id='word_1_269' title='bbox 972 3625 1070 3686; x_wconf 69' lang='lat' dir='ltr'>peritas</span> <span class='ocrx_word' id='word_1_270' title='bbox 1089 3638 1220 3671; x_wconf 87' lang='lat' dir='ltr'>manuum</span> <span class='ocrx_word' id='word_1_271' title='bbox 1242 3640 1273 3672; x_wconf 85' lang='lat' dir='ltr'>ea</span> <span class='ocrx_word' id='word_1_272' title='bbox 1287 3659 1295 3683; x_wconf 92' lang='lat'>,</span> 
     </span>
     <span class='ocr_line' id='line_1_32' title="bbox 235 3691 1295 3769; baseline -0.001 -22"><span class='ocrx_word' id='word_1_273' title='bbox 235 3693 398 3756; x_wconf 86' lang='lat' dir='ltr'>fluctuantis,</span> <span class='ocrx_word' id='word_1_274' title='bbox 412 3703 502 3743; x_wconf 88' lang='lat' dir='ltr'>utrum</span> <span class='ocrx_word' id='word_1_275' title='bbox 514 3693 599 3744; x_wconf 88' lang='lat' dir='ltr'>mariti</span> <span class='ocrx_word' id='word_1_276' title='bbox 612 3691 739 3745; x_wconf 89' lang='lat' dir='ltr'>mandatis</span> <span class='ocrx_word' id='word_1_277' title='bbox 788 3719 866 3768; x_wconf 71' lang='lat' dir='ltr'>quam</span> <span class='ocrx_word' id='word_1_278' title='bbox 881 3700 941 3750; x_wconf 75' lang='lat' dir='ltr'>Deo</span> <span class='ocrx_word' id='word_1_279' title='bbox 954 3700 1054 3769; x_wconf 66' lang='lat' dir='ltr'>placere</span> <span class='ocrx_word' id='word_1_280' title='bbox 1069 3698 1132 3752; x_wconf 63' lang='lat' dir='ltr'>,sacri</span> <span class='ocrx_word' id='word_1_281' title='bbox 1148 3708 1173 3751; x_wconf 82' lang='lat' dir='ltr'>et</span> <span class='ocrx_word' id='word_1_282' title='bbox 1190 3700 1295 3768; x_wconf 74' lang='lat' dir='ltr'>profani</span> 
     </span>
     <span class='ocr_line' id='line_1_33' title="bbox 237 3771 1294 3845; baseline 0.009 -24"><span class='ocrx_word' id='word_1_283' title='bbox 237 3773 384 3843; x_wconf 80' lang='lat' dir='ltr'>parendum</span> <span class='ocrx_word' id='word_1_284' title='bbox 393 3773 424 3825; x_wconf 85' lang='lat' dir='ltr'>sit</span> <span class='ocrx_word' id='word_1_285' title='bbox 433 3812 440 3835; x_wconf 93' lang='lat'>,</span> <span class='ocrx_word' id='word_1_286' title='bbox 450 3790 484 3823; x_wconf 89' lang='lat' dir='ltr'>an</span> <span class='ocrx_word' id='word_1_287' title='bbox 494 3771 603 3824; x_wconf 77' lang='lat' dir='ltr'>adfectui</span> <span class='ocrx_word' id='word_1_288' title='bbox 613 3783 740 3825; x_wconf 86' lang='lat' dir='ltr'>materno.</span> <span class='ocrx_word' id='word_1_289' title='bbox 787 3779 924 3845; x_wconf 80' lang='lat' dir='ltr'>scriptores</span> <span class='ocrx_word' id='word_1_290' title='bbox 933 3788 1043 3830; x_wconf 90' lang='lat' dir='ltr'>mouent</span> <span class='ocrx_word' id='word_1_291' title='bbox 1053 3818 1061 3842; x_wconf 96' lang='lat'>,</span> <span class='ocrx_word' id='word_1_292' title='bbox 1072 3777 1117 3830; x_wconf 86' lang='lat' dir='ltr'>sed</span> <span class='ocrx_word' id='word_1_293' title='bbox 1123 3796 1202 3844; x_wconf 82' lang='lat' dir='ltr'>puras</span> <span class='ocrx_word' id='word_1_294' title='bbox 1214 3776 1276 3835; x_wconf 84' lang='lat' dir='ltr'>dicit</span> <span class='ocrx_word' id='word_1_295' title='bbox 1286 3818 1294 3841; x_wconf 91' lang='lat'>,</span> 
     </span>
     <span class='ocr_line' id='line_1_34' title="bbox 236 3850 1296 3924; baseline 0 -17"><span class='ocrx_word' id='word_1_296' title='bbox 236 3851 337 3907; x_wconf 85' lang='lat' dir='ltr'>Blande</span> <span class='ocrx_word' id='word_1_297' title='bbox 359 3870 416 3903; x_wconf 90' lang='lat' dir='ltr'>eam</span> <span class='ocrx_word' id='word_1_298' title='bbox 434 3850 588 3919; x_wconf 81' lang='lat' dir='ltr'>alloquitur,</span> <span class='ocrx_word' id='word_1_299' title='bbox 607 3851 738 3916; x_wconf 89' lang='lat' dir='ltr'>ostendit,</span> <span class='ocrx_word' id='word_1_300' title='bbox 787 3866 816 3907; x_wconf 92' lang='lat' dir='ltr'>ut</span> <span class='ocrx_word' id='word_1_301' title='bbox 829 3856 997 3908; x_wconf 79' lang='lat' dir='ltr'>llurnraunus</span> <span class='ocrx_word' id='word_1_302' title='bbox 1012 3855 1091 3919; x_wconf 82' lang='lat' dir='ltr'>vidit,</span> <span class='ocrx_word' id='word_1_303' title='bbox 1111 3855 1196 3920; x_wconf 88' lang='lat' dir='ltr'>lotas,</span> <span class='ocrx_word' id='word_1_304' title='bbox 1211 3874 1296 3924; x_wconf 88' lang='lat' dir='ltr'>quum</span> 
     </span>
     <span class='ocr_line' id='line_1_35' title="bbox 237 3926 1296 4002; baseline -0.008 -21"><span class='ocrx_word' id='word_1_305' title='bbox 237 3927 297 3999; x_wconf 89' lang='lat' dir='ltr'>quid</span> <span class='ocrx_word' id='word_1_306' title='bbox 314 3926 460 3980; x_wconf 83' lang='lat' dir='ltr'>laciendum</span> <span class='ocrx_word' id='word_1_307' title='bbox 473 3928 526 3989; x_wconf 90' lang='lat' dir='ltr'>sit,</span> <span class='ocrx_word' id='word_1_308' title='bbox 545 3940 570 3981; x_wconf 93' lang='lat' dir='ltr'>et</span> <span class='ocrx_word' id='word_1_309' title='bbox 583 3946 659 3997; x_wconf 88' lang='lat' dir='ltr'>opem</span> <span class='ocrx_word' id='word_1_310' title='bbox 672 3945 739 3996; x_wconf 86' lang='lat' dir='ltr'>pro·</span> <span class='ocrx_word' id='word_1_311' title='bbox 788 3936 841 4002; x_wconf 75' lang='lat' dir='ltr'>jam</span> <span class='ocrx_word' id='word_1_312' title='bbox 858 3952 923 4002; x_wconf 84' lang='lat' dir='ltr'>aqua</span> <span class='ocrx_word' id='word_1_313' title='bbox 938 3934 1061 4002; x_wconf 79' lang='lat' dir='ltr'>expiasset</span> <span class='ocrx_word' id='word_1_314' title='bbox 1074 3933 1216 3986; x_wconf 73' lang='lat' dir='ltr'>somnium,</span> <span class='ocrx_word' id='word_1_315' title='bbox 1233 3932 1296 3985; x_wconf 75' lang='grc' dir='ltr'><strong>ΑΙ)-</strong></span> 
     </span>
     <span class='ocr_line' id='line_1_36' title="bbox 236 4006 1296 4077; baseline 0 -15"><span class='ocrx_word' id='word_1_316' title='bbox 236 4009 357 4062; x_wconf 80' lang='lat' dir='ltr'>mittit-</span> <span class='ocrx_word' id='word_1_317' title='bbox 365 4009 490 4059; x_wconf 80' lang='lat' dir='ltr'>Mandata</span> <span class='ocrx_word' id='word_1_318' title='bbox 496 4006 564 4073; x_wconf 79' lang='lat' dir='ltr'>salle</span> <span class='ocrx_word' id='word_1_319' title='bbox 574 4013 670 4061; x_wconf 76' lang='lat' dir='ltr'>mariti.</span> <span class='ocrx_word' id='word_1_320' title='bbox 681 4007 738 4059; x_wconf 78' lang='lat' dir='ltr'>salle</span> <span class='ocrx_word' id='word_1_321' title='bbox 788 4012 894 4063; x_wconf 84' lang='lat' dir='ltr'>luebant</span> <span class='ocrx_word' id='word_1_322' title='bbox 906 4021 994 4062; x_wconf 90' lang='lat' dir='ltr'>autem</span> <span class='ocrx_word' id='word_1_323' title='bbox 1004 4011 1038 4062; x_wconf 88' lang='lat' dir='ltr'>sic</span> <span class='ocrx_word' id='word_1_324' title='bbox 1048 4029 1102 4062; x_wconf 90' lang='lat' dir='ltr'>non</span> <span class='ocrx_word' id='word_1_325' title='bbox 1113 4011 1196 4062; x_wconf 90' lang='lat' dir='ltr'>solum</span> <span class='ocrx_word' id='word_1_326' title='bbox 1209 4008 1296 4077; x_wconf 82' lang='lat' dir='ltr'>mala,</span> 
     </span>
     <span class='ocr_line' id='line_1_37' title="bbox 236 4085 1298 4154; baseline -0.005 -12"><span class='ocrx_word' id='word_1_327' title='bbox 236 4090 358 4142; x_wconf 90' lang='lat' dir='ltr'>maritum</span> <span class='ocrx_word' id='word_1_328' title='bbox 379 4088 423 4154; x_wconf 86' lang='lat' dir='ltr'>qni</span> <span class='ocrx_word' id='word_1_329' title='bbox 447 4087 500 4139; x_wconf 81' lang='lat' dir='ltr'>lraec</span> <span class='ocrx_word' id='word_1_330' title='bbox 518 4086 658 4138; x_wconf 86' lang='lat' dir='ltr'>mandavit.</span> <span class='ocrx_word' id='word_1_331' title='bbox 672 4085 738 4137; x_wconf 79' lang='lat' dir='ltr'>Vide</span> <span class='ocrx_word' id='word_1_332' title='bbox 788 4089 832 4142; x_wconf 87' lang='lat' dir='ltr'>sed</span> <span class='ocrx_word' id='word_1_333' title='bbox 844 4089 923 4140; x_wconf 83' lang='lat' dir='ltr'>ctiam</span> <span class='ocrx_word' id='word_1_334' title='bbox 933 4089 1001 4140; x_wconf 88' lang='lat' dir='ltr'>bona</span> <span class='ocrx_word' id='word_1_335' title='bbox 1011 4089 1126 4147; x_wconf 81' lang='lat' dir='ltr'>somnia;</span> <span class='ocrx_word' id='word_1_336' title='bbox 1140 4087 1198 4140; x_wconf 86' lang='lat' dir='ltr'>vide</span> <span class='ocrx_word' id='word_1_337' title='bbox 1208 4089 1298 4141; x_wconf 88' lang='lat' dir='ltr'>Bron-</span> 
     </span>
     <span class='ocr_line' id='line_1_38' title="bbox 237 4163 1296 4234; baseline -0.007 -12"><span class='ocrx_word' id='word_1_338' title='bbox 237 4170 267 4222; x_wconf 88' lang='lat' dir='ltr'>ad</span> <span class='ocrx_word' id='word_1_339' title='bbox 281 4190 345 4222; x_wconf 86' lang='lat' dir='ltr'>vers.</span> <span class='ocrx_word' id='word_1_340' title='bbox 363 4188 415 4219; x_wconf 81' lang='lat' dir='ltr'>tao.</span> <span class='ocrx_word' id='word_1_341' title='bbox 788 4166 945 4219; x_wconf 83' lang='lat' dir='ltr'>lrlmsiumad</span> <span class='ocrx_word' id='word_1_342' title='bbox 954 4167 1074 4234; x_wconf 85' lang='lat' dir='ltr'>Propert.</span> <span class='ocrx_word' id='word_1_343' title='bbox 1085 4166 1132 4228; x_wconf 89' lang='lat' dir='ltr'>lV,</span> <span class='ocrx_word' id='word_1_344' title='bbox 1144 4182 1183 4228; x_wconf 88' lang='lat' dir='ltr'>tv,</span> <span class='ocrx_word' id='word_1_345' title='bbox 1194 4186 1233 4217; x_wconf 79' lang='lat' dir='ltr'>aa.</span> <span class='ocrx_word' id='word_1_346' title='bbox 1241 4163 1296 4216; x_wconf 85' lang='lat' dir='ltr'>Sed</span> 
     </span>
     <span class='ocr_line' id='line_1_39' title="bbox 268 4241 1296 4317; baseline -0.007 -19"><span class='ocrx_word' id='word_1_347' title='bbox 268 4248 324 4317; x_wconf 74' lang='lat'>697.</span> <span class='ocrx_word' id='word_1_348' title='bbox 338 4249 390 4298; x_wconf 80' lang='lat' dir='ltr'>Nec</span> <span class='ocrx_word' id='word_1_349' title='bbox 399 4249 492 4297; x_wconf 78' lang='lat' dir='ltr'>dubita.</span> <span class='ocrx_word' id='word_1_350' title='bbox 503 4242 634 4295; x_wconf 88' lang='lat' dir='ltr'>Cantaber</span> <span class='ocrx_word' id='word_1_351' title='bbox 644 4252 739 4308; x_wconf 85' lang='lat' dir='ltr'>etqua·</span> <span class='ocrx_word' id='word_1_352' title='bbox 789 4254 814 4294; x_wconf 88' lang='lat' dir='ltr'>et</span> <span class='ocrx_word' id='word_1_353' title='bbox 833 4262 920 4311; x_wconf 81' lang='lat' dir='ltr'>pret-s</span> <span class='ocrx_word' id='word_1_354' title='bbox 939 4242 1029 4295; x_wconf 81' lang='lat' dir='ltr'>facturi</span> <span class='ocrx_word' id='word_1_355' title='bbox 1049 4262 1142 4293; x_wconf 88' lang='lat' dir='ltr'>manus</span> <span class='ocrx_word' id='word_1_356' title='bbox 1156 4241 1296 4299; x_wconf 72' lang='lat' dir='ltr'>lavabaut3</span> 
     </span>
     <span class='ocr_line' id='line_1_40' title="bbox 237 4319 1297 4389; baseline -0.008 -15"><span class='ocrx_word' id='word_1_357' title='bbox 237 4334 296 4374; x_wconf 87' lang='lat' dir='ltr'>tuor</span> <span class='ocrx_word' id='word_1_358' title='bbox 308 4322 365 4389; x_wconf 89' lang='lat' dir='ltr'>alli,</span> <span class='ocrx_word' id='word_1_359' title='bbox 384 4326 420 4374; x_wconf 81' lang='lat' dir='ltr'>Ne</span> <span class='ocrx_word' id='word_1_360' title='bbox 432 4326 534 4379; x_wconf 69' lang='lat' dir='ltr'>dubita,⁸</span> <span class='ocrx_word' id='word_1_361' title='bbox 551 4319 625 4370; x_wconf 86' lang='lat' dir='ltr'>multi</span> <span class='ocrx_word' id='word_1_362' title='bbox 639 4322 676 4370; x_wconf 82' lang='lat' dir='ltr'>Ne</span> <span class='ocrx_word' id='word_1_363' title='bbox 687 4322 739 4369; x_wconf 84' lang='lat' dir='ltr'>dn·</span> <span class='ocrx_word' id='word_1_364' title='bbox 789 4320 862 4387; x_wconf 76' lang='lat' dir='ltr'>virg.</span> <span class='ocrx_word' id='word_1_365' title='bbox 876 4319 937 4370; x_wconf 82' lang='lat' dir='ltr'>AEu.</span> <span class='ocrx_word' id='word_1_366' title='bbox 952 4320 1035 4384; x_wconf 74' lang='lat' dir='ltr'>llll,</span> <span class='ocrx_word' id='word_1_367' title='bbox 1049 4320 1089 4389; x_wconf 64' lang='lat' dir='ltr'>liu.</span> <span class='ocrx_word' id='word_1_368' title='bbox 1098 4319 1140 4370; x_wconf 86' lang='lat' dir='ltr'>Sic</span> <span class='ocrx_word' id='word_1_369' title='bbox 1144 4337 1210 4383; x_wconf 78' lang='lat' dir='ltr'>pura</span> <span class='ocrx_word' id='word_1_370' title='bbox 1219 4322 1297 4368; x_wconf 75' lang='lat' dir='ltr'>restis</span> 
     </span>
     <span class='ocr_line' id='line_1_41' title="bbox 237 4393 1298 4467; baseline -0.008 -14"><span class='ocrx_word' id='word_1_371' title='bbox 237 4402 306 4449; x_wconf 73' lang='lat' dir='ltr'>biles.</span> <span class='ocrx_word' id='word_1_372' title='bbox 315 4427 347 4439; x_wconf 89' lang='lat'><em>-</em></span> <span class='ocrx_word' id='word_1_373' title='bbox 360 4401 434 4467; x_wconf 69' lang='lat' dir='ltr'>Regii</span> <span class='ocrx_word' id='word_1_374' title='bbox 447 4398 528 4451; x_wconf 87' lang='lat' dir='ltr'>nostri</span> <span class='ocrx_word' id='word_1_375' title='bbox 541 4401 593 4449; x_wconf 77' lang='lat' dir='ltr'>lt&#39;cc</span> <span class='ocrx_word' id='word_1_376' title='bbox 605 4401 697 4449; x_wconf 70' lang='lat' dir='ltr'>dubria.</span> <span class='ocrx_word' id='word_1_377' title='bbox 708 4426 741 4436; x_wconf 90' lang='lat'><em>-</em></span> <span class='ocrx_word' id='word_1_378' title='bbox 789 4398 922 4465; x_wconf 84' lang='lat' dir='ltr'>passim-</span> <span class='ocrx_word' id='word_1_379' title='bbox 929 4399 1037 4453; x_wconf 58' lang='lat' dir='ltr'>Tollere</span> <span class='ocrx_word' id='word_1_380' title='bbox 1045 4396 1225 4458; x_wconf 84' lang='lat' dir='ltr'>Burmannus,</span> <span class='ocrx_word' id='word_1_381' title='bbox 1236 4393 1298 4461; x_wconf 81' lang='lat' dir='ltr'>quia</span> 
     </span>
     <span class='ocr_line' id='line_1_42' title="bbox 242 4473 1298 4544; baseline -0.001 -21"><span class='ocrx_word' id='word_1_382' title='bbox 242 4474 335 4526; x_wconf 82' lang='lat' dir='ltr'>Tollere</span> <span class='ocrx_word' id='word_1_383' title='bbox 346 4488 392 4529; x_wconf 86' lang='lat' dir='ltr'>etc.</span> <span class='ocrx_word' id='word_1_384' title='bbox 402 4477 556 4538; x_wconf 87' lang='lat' dir='ltr'>Terentius,</span> <span class='ocrx_word' id='word_1_385' title='bbox 572 4475 654 4528; x_wconf 81' lang='lat' dir='ltr'>Andr.</span> <span class='ocrx_word' id='word_1_386' title='bbox 669 4475 692 4539; x_wconf 76' lang='lat' dir='ltr'>l,</span> <span class='ocrx_word' id='word_1_387' title='bbox 709 4477 738 4538; x_wconf 76' lang='grc'>3,</span> <span class='ocrx_word' id='word_1_388' title='bbox 789 4475 915 4544; x_wconf 85' lang='lat' dir='ltr'>praecessit</span> <span class='ocrx_word' id='word_1_389' title='bbox 929 4477 1027 4531; x_wconf 82' lang='lat' dir='ltr'>tollere,</span> <span class='ocrx_word' id='word_1_390' title='bbox 1042 4493 1056 4523; x_wconf 90' lang='lat' dir='ltr'>e</span> <span class='ocrx_word' id='word_1_391' title='bbox 1071 4473 1172 4525; x_wconf 89' lang='lat' dir='ltr'>solenni</span> <span class='ocrx_word' id='word_1_392' title='bbox 1186 4488 1298 4540; x_wconf 87' lang='lat' dir='ltr'>permu-</span> 
     </span>
     <span class='ocr_line' id='line_1_43' title="bbox 240 4550 1296 4618; baseline -0.002 -19"><span class='ocrx_word' id='word_1_393' title='bbox 240 4551 503 4618; x_wconf 70' lang='lat' dir='ltr'>Que&#39;dqer&#39;dpeperrssc!</span> <span class='ocrx_word' id='word_1_394' title='bbox 510 4593 516 4618; x_wconf 90' lang='lat'>,</span> <span class='ocrx_word' id='word_1_395' title='bbox 528 4558 681 4607; x_wconf 71' lang='lat' dir='ltr'>decreverant</span> <span class='ocrx_word' id='word_1_396' title='bbox 689 4556 739 4604; x_wconf 77' lang='lat' dir='ltr'>tol·</span> <span class='ocrx_word' id='word_1_397' title='bbox 789 4552 885 4604; x_wconf 86' lang='lat' dir='ltr'>tatione</span> <span class='ocrx_word' id='word_1_398' title='bbox 899 4561 990 4603; x_wconf 83' lang='lat' dir='ltr'>mouet</span> <span class='ocrx_word' id='word_1_399' title='bbox 1004 4550 1082 4616; x_wconf 89' lang='lat' dir='ltr'>recipi</span> <span class='ocrx_word' id='word_1_400' title='bbox 1097 4568 1170 4617; x_wconf 88' lang='lat' dir='ltr'>posse</span> <span class='ocrx_word' id='word_1_401' title='bbox 1184 4551 1296 4600; x_wconf 74' lang='lat' dir='ltr'>tendens.</span> 
     </span>
    </p>
   </div>
   <div class='ocr_carea' id='block_1_4' title="bbox 0 0 1367 5094">
    <p class='ocr_par' dir='ltr' id='par_1_11' title="bbox 0 0 1367 5094">
     <span class='ocr_line' id='line_1_44' title="bbox 0 0 1367 5094; baseline 0 0"><span class='ocrx_word' id='word_1_402' title='bbox 0 0 1367 5094; x_wconf 95' lang='lat' dir='ltr'> </span> 
     </span>
    </p>
   </div>
  </div>
 </body>
</html>
