2708 5094
299 775 829 847 METAMORPHOSEON
852 781 948 849 LIB.
972 783 1041 849 IX.
1158 789 1197 852 81

140 922 247 1020 Inque
262 917 369 1015 gradu
384 917 552 1006 stetimus,
571 917 651 992 certi
669 947 738 991 non
756 920 868 995 cedere
883 950 891 1007 ;
908 940 1044 1024 eratque

143 1037 227 1111 Cum
242 1033 328 1136 pede
343 1060 405 1135 pes
418 1033 573 1131 junctus:
590 1050 729 1134 totoque
745 1063 807 1130 ego
824 1054 957 1137 pectore
974 1069 1101 1141 pronus

145 1152 187 1224 nt
203 1150 330 1246 digitos
346 1148 480 1244 digitis,
500 1165 533 1221 et
547 1148 691 1222 frontem
708 1150 817 1224 fronte
835 1155 1032 1253 premebam.
1172 1181 1206 1248 ts

144 1266 222 1340 Non
237 1264 333 1340 aliter
347 1264 452 1338 fortes
466 1263 533 1336 ridi
551 1291 744 1338 concurrere
763 1281 894 1354 tauros,
1117 1286 1120 1295 ·

150 1380 255 1476 Quum
272 1379 423 1481 pretium
439 1406 576 1480 pugne,
596 1394 669 1450 toto
686 1376 883 1451 nitidissima
900 1378 1006 1470 saltu,

149 1495 318 1596 Expetitur
336 1497 456 1592 conjux
474 1510 647 1595 :spectant
664 1508 830 1579 armenta,
847 1512 1032 1596 paventque

149 1609 258 1684 Nescia
274 1636 374 1709 quem
390 1626 518 1681 maneat
536 1607 617 1681 tanti
634 1605 770 1679 victoria
786 1606 891 1702 regni.

146 1725 211 1798 I'er
224 1726 298 1798 sinc
315 1723 466 1825 profectu
484 1721 591 1796 voluit
607 1721 746 1795 nitentia
760 1738 875 1795 contra
1173 1752 1205 1804 50
1285 1818 1290 1823 ,

146 1840 292 1940 chicere
306 1837 441 1912 Alcides
458 1865 477 1910 a
492 1864 526 1910 se
543 1865 614 1911 mea
629 1854 764 1936 pectora
780 1865 787 1908 :
804 1853 923 1936 quarto

147 2016 650 2086 ed-BeBeer‚utu't1noe,depugna.
699 2019 730 2069 25
741 2036 796 2086 sqq.
817 2015 870 2070 Sed
890 2016 986 2071 Noster
1007 2038 1079 2074 nunc
1095 2016 1208 2093 respexit

146 2125 178 2140 ··
189 2099 302 2160 Corbu,
322 2096 517 2166 congredimur.
540 2096 650 2150 Terent.
697 2092 804 2146 AEneid.
818 2093 871 2146 IIII
881 2133 889 2159 ,
911 2097 958 2163 715
973 2113 1028 2164 sqq.
1042 2115 1048 2149 :
1065 2100 1147 2164 Quum
1158 2104 1208 2154 duo

147 2175 295 2245 Pt.11,u,
307 2177 340 2229 32
349 2217 355 2237 ,
361 2182 446 2243 perere
453 2180 529 2228 coitio
536 2185 653 2228 estacer-
699 2175 1210 2239 coeeersr'sr‘er'nricar‘epraelrirtaurr'Fmr·

146 2256 438 2322 rin-legantem
451 2262 564 2321 quatuor
571 2251 651 2304 MSS.
699 2254 767 2311 tibus
781 2254 923 2312 cucumae,
944 2255 1038 2316 parr'dr'
1045 2272 1142 2307 cessere
1152 2276 1210 2308 na-

142 2335 242 2403 jugere
244 2336 336 2402 gradu.
345 2332 471 2386 Heinsius
476 2329 582 2398 conjicit
584 2330 653 2395 jaer·
697 2332 791 2395 gistri:
801 2329 860 2381 Sta!
863 2347 943 2394 pecus
950 2341 1094 2386 vernemetis
1105 2342 1203 2399 Iolen,

147 2415 302 2482 'regredere
311 2415 430 2463 str'tr'erus.
440 2437 474 2448 -
483 2406 563 2477 Regii
570 2407 653 2460 nostri
700 2416 859 2474 mussantque
860 2407 983 2472 Jirrercae,
997 2414 1210 2475 (tuasnemorr‘r'nr-

148 2488 210 2542 nihil
220 2498 314 2542 mutan
318 2496 336 2539 t.
344 2514 378 2526 -
388 2488 492 2539 Gradus
500 2482 571 2536 idern
582 2480 653 2551 quod
696 2489 799 2552 periret,
815 2503 885 2551 quem
903 2494 958 2538 tola
973 2498 1085 2541 armenta
1101 2511 1211 2561 sequar-

147 2565 403 2621 montanarium.
423 2561 596 2615 conabantur
605 2558 653 2611 ad·
701 2570 747 2615 tur.
755 2566 880 2616 -Fortes
888 2567 950 2618 vr'dr'.
960 2566 1035 2636 Regii
1046 2573 1144 2639 nostri,
1157 2579 1214 2627 vide·

147 2644 290 2697 versarium
295 2637 651 2709 degradationem-Cerri,
694 2639 786 2707 fides.
798 2643 925 2692 -Fortes
935 2642 975 2694 vel
989 2643 1021 2695 ad
1034 2658 1134 2714 aratra,
1148 2651 1208 2717 vel',

150 2720 240 2775 auimo
250 2720 286 2774 sic
295 2718 451 2781 obfirmato,
469 2723 496 2767 ut
508 2732 562 2766 non
574 2711 655 2766 cede-
702 2726 732 2769 ut
739 2715 789 2768 boc
798 2716 854 2769 loco
864 2716 896 2769 ad
909 2737 1039 2789 pugnam,
1054 2727 1147 2792 passim
1155 2747 1209 2779 ,0-

148 2816 246 2853 πω.
264 2797 355 2867 Virgil.
375 2793 472 2862 Georg.
485 2791 535 2858 IV,
547 2794 595 2857 84,
607 2792 654 2842 ol-
701 2805 796 2850 cantur
808 2795 884 2848 tauri.
899 2823 933 2834 —
945 2799 1093 2853 Concurrere
1103 2804 1164 2857 alias
1175 2805 1209 2858 de

147 2868 655 2936 „kimcedere.-Cueepedepesjurc-
702 2872 810 2943 integris
821 2873 991 2940 exercitibus,
1008 2895 1080 2929 nunc
1098 2878 1131 2931 de
1148 2882 1209 2933 sin-

146 2963 187 3008 !es
202 2963 253 3008 etc.
272 2951 314 3005 Ita
332 2949 525 3018 descripserunt
545 2947 655 2998 Veteres
703 2951 785 3021 gulari
796 2952 961 3018 certamine,
978 2964 1008 3005 ut
1020 2954 1108 3020 XIII,
1127 2958 1166 3010 88.
1177 2987 1211 3001 -

149 3023 654 3094 etimnerfimacerraminaffyrtaeus,
703 3030 830 3090 Petrum,
845 3030 991 3099 premium.
1002 3057 1035 3072 -·
1049 3034 1211 3088 Nr'te'dr'ssr‘eea

147 3128 173 3179 p.
186 3128 230 3163 101
246 3127 254 3160 Ξ
272 3113 324 3165 Καὶ
340 3109 399 3158 ride
411 3101 658 3178 eep'eot291te,xet
703 3107 807 3176 proprie
823 3105 856 3160 tle
870 3105 1064 3176 pulchritudine
1077 3110 1208 3178 juvenca-

149 3185 285 3245 tituto-e
293 3180 375 3238 ἆσπίο*
386 3185 526 3248 Ierieoeectc.
536 3217 543 3243 ‚
553 3178 596 3229 ubl
604 3174 655 3229 vid·
703 3202 779 3246 rum;
790 3183 901 3238 declarat
909 3185 1013 3238 enimet
1021 3186 1211 3256 pinguedinem
1226 3222 1228 3227 -

148 3262 269 3325 Klotiusr
291 3257 345 3312 vid
364 3257 444 3312 ellam
462 3253 657 3310 Freinshemlm
704 3272 732 3315 et
752 3260 814 3315 inde
834 3262 965 3317 orientem
984 3264 1122 3333 nitorem,
1143 3284 1212 3337 saepe

149 3339 181 3394 sd
191 3338 338 3403 Curtium,
354 3335 413 3402 III,
426 3350 471 3400 IV,
485 3338 507 3387 5-
519 3332 571 3385 Sed
585 3350 657 3384 nunc
705 3339 782 3392 etiam
797 3339 873 3392 simul
886 3340 993 3394 niveum
1002 3343 1118 3396 colorem
1132 3362 1138 3396 ε
1151 3345 1211 3399 ride

148 3416 190 3472 ille
201 3416 283 3471 ardor
298 3411 496 3482 accommodate
514 3409 546 3463 ad
559 3409 657 3463 luctam
705 3415 737 3470 ed
747 3416 774 3479 1,
787 3417 979 3485 tiro-Coresus
987 3417 1020 3471 de
1031 3439 1121 3486 vacca,
1132 3433 1162 3476 ut
1174 3428 1215 3476 vir

149 3507 263 3551 notatus.
271 3493 429 3548 viderim
442 3490 581 3560 Virgilius,
594 3488 657 3540 AEn.
706 3492 738 3546 de
749 3503 837 3558 unco,
851 3493 880 3558 I,
893 3493 959 3557 tem
973 3505 999 3547 et
1009 3503 1113 3551 muretus
1125 3497 1157 3552 de
1168 3519 1213 3552 ca-

151 3577 199 3642 Χ,
210 3576 258 3628 tta
267 3594 275 3627 ι
284 3576 362 3626 Bere!
369 3574 503 3639 pedester,
519 3573 660 3636 densusque
705 3587 767 3638 pro,
780 3568 874 3622 Horat.
886 3568 915 3634 I,
930 3568 983 3624 Od.
993 3587 1053 3626 xvn
1061 3613 1069 3640 ,
1083 3577 1214 3644 7.-Sal-

153 3657 213 3704 τίη
222 3656 269 3713 ur'r,
276 3661 324 3704 etc.
334 3651 384 3703 Ed.
391 3650 536 3702 -Prorruc
544 3645 614 3698 Vide
625 3644 658 3697 ad
705 3658 758 3709 m,
768 3666 861 3717 pascua
871 3647 946 3701 :‘vide
958 3649 981 3702 F
981 3660 1027 3703 est.
1038 3652 1063 3705 h.
1071 3658 1215 3723 redegere·

156 3727 273 3795 X,bbs.
290 3754 323 3768 -
340 3731 454 3781 Frontem
466 3725 575 3792 sturm
597 3724 659 3776 binc
706 3724 824 3794 probavit
842 3726 1032 3794 Burmannus,
1053 3729 1132 3796 ideo,
1153 3733 1213 3801 quia

146 3808 298 3880 pugnanti
307 3805 519 3872 secemlrontibus
527 3807 654 3866 adversis,
707 3801 849 3869 Phaedrus,
859 3803 871 3856 I
880 3805 945 3869 ,sab
952 3806 1000 3872 30,
1010 3805 1042 3860 de
1050 3819 1126 3861 tauro
1135 3808 1213 3875 dixit,

152 3882 299 3942 contraria.
310 3881 398 3937 Ilorat.
410 3884 438 3947 I,
452 3882 506 3935 Sat.
520 3897 547 3948 1,
563 3899 616 3934 ros.
702 3881 988 3946 pulsusregnoremoris.
996 3885 1073 3937 Atini
1081 3886 1156 3952 longe
1164 3885 1213 3936 alia

185 3956 660 4030 45.Nouelr'teretc.Similitudobene
706 3957 843 4011 sententia.
866 3957 962 4012 Melius
973 3961 1101 4013 laudasset
1119 3960 1213 4026 Virgi-

154 4041 271 4107 delecta,
290 4038 350 4108 quie
368 4049 395 4091 et
416 4038 483 4089 tauri
497 4036 529 4088 de
548 4037 660 4104 conjuge
707 4035 788 4100 lium,
806 4033 901 4104 Georg.
914 4037 974 4102 III,
988 4037 1049 4102 228,
1067 4036 1110 4087 ubi
1123 4045 1212 4089 taurus

153 4131 271 4187 uertant,
279 4131 305 4174 et
315 4118 378 4188 quia
389 4117 519 4170 Achelous
528 4114 661 4169 interdum
706 4112 788 4166 rictus
801 4113 844 4165 tali
855 4114 943 4182 prelio
954 4117 1036 4178 teger}
1049 4114 1148 4164 excedet
1158 4120 1213 4166 ανί-

156 4200 272 4255 armenti
283 4199 350 4266 dux,
369 4197 457 4262 VIII,
475 4198 530 4249 882.
554 4195 661 4262 Hujus-
707 4197 760 4245 tr's:
774 4191 856 4244 victor
866 4192 937 4243 enim
949 4189 1026 4242 simul
1037 4209 1081 4241 rex
1090 4195 1212 4246 armenti.

156 4279 233 4334 modi
244 4289 329 4332 autem
342 4290 480 4332 taurorum
493 4275 610 4343 praelium
629 4274 661 4327 de
743 4270 782 4320 5ο.
804 4270 924 4320 Nr'terrtr'e.
945 4265 1007 4315 Duo
1031 4265 1211 4338 Basileenses,

153 4358 341 4415 formosissima
350 4359 463 4424 juvenca
470 4355 571 4422 copiose
580 4362 607 4404 et
618 4372 664 4405 ex·
709 4350 847 4410 laetanea,-
862 4343 936 4412 Regii
947 4343 1045 4411 nostri,
1059 4351 1170 4403 retentae.
1181 4381 1214 4391 -

155 4435 281 4490 cellenter
288 4433 412 4488 describit
421 4431 557 4500 Virgilius,
567 4430 663 4500 Georg.
711 4427 815 4476 Pectora
823 4427 927 4474 aeterna
936 4430 1036 4483 contra,
1048 4431 1214 4494 amplexaret

158 4511 200 4566 III
208 4551 217 4581 ,
225 4532 272 4582 ²¹7
280 4530 339 4579 sqq.
347 4532 355 4575 ·,
364 4509 456 4563 conler
466 4507 602 4574 AmoreII,
612 4521 663 4573 arr,
710 4521 789 4558 nexus
799 4519 896 4573 magna
906 4521 966 4572 pars
980 4502 1134 4562 luctationis.
1148 4509 1215 4562 Ele-

273 4601 345 4671 JV.
1062 4600 1084 4664 6
