2760 4710
302 364 1074 454 urnrsmonrno'snonurs.x11.
1115 431 1119 439 -
1155 391 1220 484 3⁴7

153 561 172 594 s
193 526 254 602 llle
272 525 405 627 quidem
420 526 545 625 majora
562 526 648 614 lide,
664 528 729 600 Di!
751 526 871 622 gessit,
889 545 923 600 et
938 528 1053 603 orbem
1171 551 1221 622 545

152 680 172 712 »
193 644 349 746 Implevit
364 645 509 731 meritis,
528 645 621 746 quod
636 643 768 719 mallem
785 672 886 746 posse
901 645 1038 740 negari:

153 797 172 830 n
194 762 259 838 Sed
276 791 383 864 neque
398 762 632 864 Deiphobum,
648 790 708 836 nec
724 761 981 863 Polydamanta,
997 790 1057 839 nec
1075 766 1187 867 ipsum

154 910 174 947 >s
194 879 338 951 Hectora
355 875 526 951 laudamus
542 907 550 951 :
565 876 641 978 quis
656 877 744 953 eninr
760 876 940 951 laudaverit
954 877 1112 953 bostem?

154 1027 174 1059 a
195 992 255 1068 Ille
275 1011 351 1067 tuus
369 993 499 1089 genitor
515 993 683 1068 Messania
700 994 821 1068 rutenia
840 995 1007 1095 quondam

155 1143 174 1176 s
194 1110 332 1196 Stravit3
349 1126 383 1182 et
399 1108 584 1206 immeritas
594 1111 694 1184 urbes
711 1108 871 1211 Elinque,
888 1109 1060 1213 Pylonqne
1173 1134 1223 1188 550
1334 1151 1345 1160 ·

154 1257 173 1290 s
194 1223 327 1310 Dimit,
344 1223 446 1323 inque
462 1249 553 1297 meos
569 1223 691 1298 serrum
709 1222 937 1323 flammamque
953 1239 1089 1325 penates

153 1369 173 1402 ‚s
192 1334 353 1437 Impulit:
371 1351 473 1435 utque
491 1333 573 1410 alios
589 1354 731 1425 taceam,
751 1364 836 1438 qnos
852 1335 907 1410 ille
924 1338 1085 1438 peremit;

154 1481 175 1515 s
195 1448 253 1521 Bis
271 1475 327 1521 sex
344 1446 469 1523 Nelidae
484 1447 629 1537 fuimus,
648 1467 825 1551 conspecta
840 1449 1018 1548 juventus:

145 1598 174 1640 .»
193 1565 251 1638 Bis
269 1594 325 1640 sex
343 1564 514 1640 Herculeis
531 1566 736 1654 ceciderunt,
752 1594 806 1640 me
821 1567 932 1641 minus
947 1596 1037 1655 nno,

152 1716 173 1750 a
194 1683 333 1758 Viribus
350 1711 358 1755 ε
376 1702 474 1784 atque
491 1682 574 1757 alios
591 1684 676 1757 vinci
693 1684 841 1787 potuisse
858 1684 1029 1760 serendum
1047 1702 1107 1760 est.
1169 1705 1218 1755 stt

155 1833 175 1868 s
194 1800 282 1875 Mira
296 1800 512 1902 Periclymeni
527 1829 618 1876 mors
635 1819 705 1891 est;
722 1801 775 1876 cui
788 1830 887 1903 posse
903 1802 1027 1899 figuras

189 1969 244 2034 545.
269 1969 322 2028 nt,
336 1969 377 2020 nt
386 1972 476 2034 magni
485 1977 530 2020 aut
547 1971 608 2020 boni
616 1985 665 2020 so·
713 1964 1061 2038 Gereniosaberat,velquia
1068 1969 1135 2038 patri
1142 1968 1221 2022 boves

154 2044 252 2098 lemnia
267 2045 420 2098 exclamatio
431 2045 458 2098 iu
470 2045 589 2099 laudibus
601 2065 663 2099 ma·
713 2045 827 2112 abigenti
852 2056 896 2097 aut
917 2047 1092 2115 expiationem
1113 2046 1222 2125 neganti

154 2139 271 2193 gnorum
283 2122 399 2174 virorum
410 2144 416 2186 ;
429 2122 479 2174 vid.
492 2124 617 2176 Heinsius
629 2122 661 2175 ad
710 2140 765 2197 non
778 2141 896 2175 assensus
912 2124 1004 2176 iuerat.
1023 2125 1115 2192 Neque
1129 2142 1223 2193 peper-

155 2198 269 2254 necuit.
282 2199 392 2264 XVIII,
410 2221 501 2253 roa.·-
510 2203 598 2254 Orbem
608 2207 662 2253 iur-
711 2198 745 2252 tit
756 2199 779 2251 ei
793 2198 889 2264 modo,
902 2199 947 2251 sed
960 2219 1072 2268 regnum
1083 2201 1162 2253 etiarn
1173 2219 1222 2270 pa·

148 2281 346 2346 pleritaerr'te's,
361 2278 450 2332 multis
462 2278 618 2331 facinoribus
629 2279 662 2332 de
712 2285 818 2328 ternum
836 2275 957 2341 tradidit,
975 2277 1017 2328 cui
1032 2275 1131 2329 addidit
1145 2277 1220 2330 Mes-

153 2352 259 2419 multis,
268 2353 349 2423 iisqne
358 2352 578 2422 disiunctissimis,
588 2356 663 2409 terris
710 2372 792 2406 senen
801 2392 807 2417 ,
817 2352 857 2404 vet
868 2363 897 2404 ut
905 2352 1043 2422 praemium
1050 2353 1170 2423 justitie,
1179 2353 1220 2406 vel

153 2432 396 2487 benemeritusest.
711 2429 1222 2500 utdepositum.FoedusicissecumNe·

194 2513 251 2583 549„
269 2513 318 2563 Ille
334 2521 392 2564 tuus
408 2515 506 2578 gemtor
523 2520 572 2563 etc.
590 2510 662 2576 Res,
711 2509 744 2562 Iei
757 2509 844 2561 liberis
856 2509 953 2577 legitur
964 2507 1032 2577 apud
1046 2508 1220 2572 Pausaniam,

152 2608 213 2661 que
221 2588 263 2643 bic
273 2589 425 2659 attingitur,
440 2607 533 2657 magna
542 2607 603 2640 cum
618 2606 663 2639 va·
711 2586 826 2640 Messen.
835 2606 860 2655 p.
871 2587 926 2657 317.
938 2586 992 2640 Sed
1001 2585 1147 2640 mundum
1157 2585 1220 2639 Ovi·

153 2666 246 2719 rietate
253 2662 662 2728 uamturabanctoribus;coul.
711 2663 802 2730 dium,
813 2683 868 2717 non
882 2665 950 2716 bene
964 2663 996 2717 de
1011 2664 1121 2717 Nestore
1134 2662 1221 2714 meri-

153 2742 305 2807 IIottterus,
318 2743 348 2797 II.
358 2753 395 2809 A,
406 2743 454 2814 591
466 2782 474 2808 ,
484 2742 536 2795 Od.
546 2753 584 2807 A,
597 2744 661 2806 ado,
712 2752 754 2795 tus
761 2753 800 2795 est
808 2741 945 2795 Hercules.
958 2741 999 2794 De
1010 2740 1069 2793 filiis
1079 2740 1223 2794 interfectis

152 2820 241 2890 ibique
254 2821 340 2874 Sebol.
355 2820 434 2873 etiarn
452 2819 485 2872 ad
499 2820 528 2874 ΙΙ.
541 2830 576 2886 B,
596 2820 662 2881 3353
711 2823 841 2875 consentit
853 2840 914 2874 curn
927 2821 1065 2882 Homero,
1078 2824 1137 2874 κατὰ
1150 2819 1172 2872 a*
1184 2826 1222 2873 ἴκ-

154 2897 291 2963 misum,
307 2901 371 2953 Vnt.
386 2900 454 2953 Hist
469 2900 526 2964 IV,
545 2905 574 2962 ὅς
591 2899 663 2951 Patr·
711 2909 775 2954 retes
786 2904 850 2954 Iesu
862 2903 960 2974 dyracio.
973 2901 1168 2968 Periclymenum
1182 2897 1222 2949 es-

153 2976 254 3042 sanias,
268 2976 346 3030 Eliac.
360 2997 384 3045 p.
397 2979 446 3048 379
456 2987 483 3030 et
495 2977 560 3040 5·6;
579 2976 664 3046 Apol·
710 2975 804 3048 fugisse
815 2976 893 3030 tradit
906 2977 1040 3046 Hyginus,
1052 2975 1225 3028 interiectum

154 3052 278 3120 ludetur,
291 3057 320 3122 I,
333 3072 375 3119 rx,
387 3075 419 3125 q;
435 3056 476 3119 II,
491 3070 546 3121 vrt,
556 3054 587 3117 3;
601 3055 662 3126 Hy·
712 3072 773 3106 eum
786 3073 841 3107 esse
855 3063 973 3106 auctores
983 3063 1046 3105 sunt
1057 3052 1144 3106 schot.
1158 3053 1220 3104 Ho-

155 3133 247 3204 ginus,
263 3133 314 3187 sab.
330 3155 359 3188 ro
372 3146 399 3188 et
411 3136 440 3188 31
452 3156 459 3197 ;
477 3135 564 3189 schot.
579 3135 663 3205 Apol·
712 3132 797 3197 meri,
810 3130 985 3200 Apollodorus
995 3129 1138 3183 et'I'setaes
1152 3128 1221 3183 Chii.

154 3210 236 3277 lonii,
248 3213 277 3278 I,
295 3214 357 3275 156;
375 3213 542 3266 Philostrates
557 3213 663 3266 Heroic.
714 3210 740 3277 I,
754 3210 794 3276 46.
803 3211 867 3264 Sine
877 3207 1044 3279 dubiosugit,
1055 3219 1082 3262 et
1090 3229 1104 3262 e
1112 3207 1173 3278 suga
1181 3229 1219 3260 re-

153 3289 245 3350 Neleo,
254 3294 382 3361 Pylebmm
390 3290 460 3358 regi,
470 3291 525 3341 nati
538 3300 612 3342 erant
622 3289 663 3342 vel
712 3288 963 3343 duetusiuterfeetus
972 3300 1018 3342 est.
1028 3290 1087 3343 Hoc
1094 3299 1165 3342 certe
1173 3287 1222 3340 sibi

153 3366 249 3420 casola
262 3365 370 3419 Cloride
382 3367 483 3431 (Hom.
498 3367 568 3437 Hyg.
581 3366 664 3435 Apol·
712 3365 768 3418 vult
780 3365 882 3432 sabula,
894 3385 973 3434 quam
986 3365 1029 3419 bic
1038 3366 1171 3421 babemus.

152 3440 207 3495 lod.
217 3439 229 3509 )
239 3441 279 3494 vel
291 3462 322 3495 ex
334 3443 451 3510 pluribus
464 3444 586 3496 uxoribus
600 3442 663 3495 duo·
745 3448 802 3499 sto.
810 3448 915 3507 Stravit,
927 3446 1152 3512 diruit-bustula?
1162 3462 1221 3511 gra-

151 3517 242 3573 deeim
255 3518 318 3583 filii,
333 3521 360 3571 in
375 3520 469 3588 quibus
480 3524 664 3592 Periclymenus
713 3525 988 3594 viusverbumquam,
1001 3527 1104 3588 aistuli&
1116 3520 1187 3573 ferro
1195 3529 1226 3572 et

152 3606 183 3650 ot
196 3596 294 3646 Nestor.
308 3595 435 3648 Hercules
446 3598 526 3650 iratus
537 3606 592 3650 erat
602 3597 664 3650 Ne-
712 3600 774 3671 ipe
784 3602 894 3655 vastavit
906 3611 1014 3671 penates
1026 3617 1107 3652 meos.

154 3674 197 3727 leo
211 3709 218 3737 ,
233 3670 286 3723 sive
299 3673 370 3739 quod
381 3674 428 3726 sibi
440 3673 572 3746 Geryonis
583 3674 663 3728 boves
746 3676 803 3730 553.
813 3679 864 3731 Be's
874 3697 920 3730 sex
937 3679 1034 3730 Nelide
1048 3685 1098 3727 ete.
1112 3673 1221 3725 Home-

153 3751 294 3819 abegerat,
307 3750 360 3803 sive
378 3752 448 3821 qnod
459 3772 487 3805 se
498 3753 601 3823 expiare
613 3770 664 3805 uo-
713 3773 773 3809 rus:
785 3759 878 3810 Δῦἡκα
888 3761 932 3830 γὰρ
943 3763 1033 3815 Nattae
1044 3755 1156 3821 ιἰμύμινις
1165 3756 1225 3813 uliae

154 3829 255 3892 luerat,
271 3839 408 3898 postquam
417 3849 525 3883 uxorem
535 3841 562 3883 et
570 3829 665 3883 liberos
715 3837 787 3902 ἧμιν,
807 3842 861 3886 Τῶν
880 3843 924 3892 στος
938 3836 1053 3898 talpas,
1077 3837 1100 3886 ot
1120 3829 1142 3885 δ’
1160 3834 1223 3885 ἄλλοι

154 3917 201 3961 sut
214 3905 330 3975 Iphitum
348 3909 461 3961 amicum
476 3907 662 3974 interfecerat,
713 3915 793 3972 «ἀνι-ις
801 3913 1065 3976 tima—Conspecta,
1071 3912 1224 3981 conspicua,

154 3988 208 4042 sire
225 3986 360 4056 denique,
381 4001 411 4043 ut
429 3991 485 4044 vult
502 3989 662 4057 Pausanias,
713 3986 1222 4058 asedem;tt0mer.atumtoeo,a,i«t

154 4065 215 4134 quia
225 4084 304 4135 opem
313 4067 409 4121 tulerat
418 4068 495 4123 Eleis.
503 4068 588 4137 Capta
598 4067 663 4120 urbe
714 4072 787 4123 rim
804 4063 911 4134 illosque
924 4067 1021 4120 ι’κᾶκωη
1031 4075 1072 4133 fiir
1087 4056 1222 4140 tlpaeslsu'a.

155 4143 260 4199 Nestori
276 4146 406 4215 pepercit,
423 4146 463 4201 vel
478 4146 540 4217 quia
557 4146 579 4200 is
593 4143 663 4216 apud
747 4143 805 4200 555.
816 4145 912 4208 Posse,-
923 4147 949 4198 τὲ
961 4149 1085 4216 trimeter,
1096 4146 1219 4200 facultas.
