2760 4710
316 348 838 415 METAMORPHOSEON
860 352 955 418 LIB.
982 355 1052 420 tx.

1174 383 1215 449 77

152 490 245 564 Dixit
263 505 297 561 et
315 486 449 561 Alcides
467 517 475 560 :
493 486 548 561 alii
564 516 688 562 cessere
706 488 849 561 duobus.

150 604 213 679 Ille
229 607 342 677 lovem
358 631 507 676 socerum
527 603 603 676 dare
618 631 673 689 se,
692 604 874 705 famamque
891 600 1063 692 labomm,

154 723 200 793 Et
217 736 369 818 superata
388 747 454 791 suae
471 717 632 791 referebat
647 719 737 817 jussa
754 747 909 791 noverca.
1019 751 1024 760 ·
1184 749 1216 797 ιι

155 838 286 909 Contra
305 863 384 928 ego:
402 851 498 933 turpe
512 834 619 906 Deum
636 832 767 906 mortali
788 834 900 908 cedere
918 834 1017 922 duxi3

154 953 313 1026 Nondum
329 968 398 1026 erat
415 948 470 1023 ille
487 951 597 1037 Deus;
619 953 778 1045 «Regem
795 979 847 1024 me
865 953 971 1024 cernis
988 982 1145 1053 aquamm
1209 992 1213 1001 ·

154 1157 185 1189 re
197 1136 376 1204 antiquissimo
384 1132 543 1202 ambagibus,
553 1151 610 1185 rem
622 1132 663 1201 ip·

154 1235 208 1268 sam
217 1215 341 1284 proponit
351 1219 485 1278 :accepere
493 1222 522 1263 ut
531 1212 661 1279 λαμὸένιιν,

156 1293 256 1362 proprie
266 1291 298 1344 de
308 1290 450 1360 adoptione
459 1309 465 1349 ;
476 1288 526 1340 rid.
535 1286 617 1340 Corte
630 1288 661 1340 ad

156 1370 304 1423 Sallustium
316 1369 378 1435 Jug.
391 1385 436 1429 ιο,
450 1365 489 1436 (et
499 1384 556 1433 quse
564 1364 662 1435 collega

155 1442 582 1500 noscerdoctisutssumourau
590 1460 663 1495 eum·

158 1526 215 1578 dem
222 1526 310 1578 locum
318 1524 422 1588 dixerit,
431 1532 498 1575 nost
506 1521 568 1574 edit.
575 1542 599 1591 p.
608 1522 661 1576 158.

158 1605 215 1666 Ed.)
228 1603 301 1655 Hinc
312 1603 392 1655 etiam
401 1600 470 1653 bene
484 1639 492 1664 ,
504 1605 663 1668 aterperege·

157 1699 255 1740 oerum,
274 1690 305 1732 ut
319 1679 395 1743 alibi,
415 1684 527 1744 accepere
538 1682 660 1737 amicam,

159 1765 185 1810 r'rr
200 1763 355 1817 amicitiam,
368 1763 395 1809 te
406 1763 605 1810 matrimonium:
617 1776 664 1810 su·

161 1855 223 1903 pra,
237 1835 284 1901 ll,
305 1834 373 1898 526,
389 1852 479 1886 sumere
490 1853 618 1895 socerum,
636 1844 663 1885 et

162 1911 274 1966 Heroid.
285 1913 343 1977 Vl,
356 1912 404 1976 to,
422 1930 513 1964 sumere
526 1931 622 1964 esrum.
631 1940 664 1950 -

160 1994 306 2043 Porthaone
318 1996 408 2050 suas,
432 1988 534 2043 OEneus
546 2028 554 2055 ,
567 1988 663 2058 dequo

111 2085 113 2089 '
160 2071 224 2124 libro
236 2069 373 2139 superiori.
385 2070 472 2137 Hujus
482 2069 563 2123 filiam
576 2069 664 2138 Deje-

160 2151 245 2203 uiram
255 2150 352 2203 faciunt
360 2160 386 2202 et
395 2149 452 2215 alii,
466 2150 552 2218 paucis
564 2149 665 2203 dissen-

161 2227 303 2291 tientibus,
325 2228 368 2295 qui
380 2229 404 2280 ei
414 2227 600 2280 Dexamenum
612 2247 664 2297 pa-

159 2313 227 2356 trem
235 2303 308 2367 dant,
317 2303 355 2356 vel
363 2303 505 2358 Bacchum.
516 2304 593 2371 Earn,
603 2323 665 2357 auc-

160 2392 213 2435 tore
220 2381 520 2447 Diodflerculesdusit,
528 2382 664 2452 Meleagro

159 2460 289 2513 exstincto.
307 2459 436 2527 Meleagri
452 2460 546 2511 umbra
562 2458 665 2528 impul-

159 2556 204 2603 sus,
211 2556 295 2606 quum
302 2534 664 2606 essetopudinleros,dusisse

160 2632 212 2666 eam
220 2613 336 2667 traditur
343 2633 359 2666 a
368 2611 457 2666 Schol.
467 2613 589 2679 Homeri,
597 2612 627 2666 ll.
635 2622 665 2665 t:

160 2690 301 2745 secundum
315 2691 487 2756 Homerum,
504 2690 533 2745 ll.
546 2696 583 2755 Ξ,
599 2692 664 2756 ιι5,

161 2766 265 2821 Porthei
278 2768 348 2820 lilius
363 2769 412 2821 suit
426 2767 536 2821 OEneus.
545 2796 578 2807 -
589 2769 666 2820 Arca·-

161 2848 213 2905 tes,
231 2845 305 2899 Alcei
317 2864 400 2914 nepos
413 2884 420 2910 ,
433 2844 517 2899 dictus
529 2844 663 2910 creditur,

161 2917 221 2973 dum
232 2921 259 2973 in
272 2923 350 2975 terris
361 2921 529 2987 versabatur,
545 2924 666 2974 Hercules

162 3008 247 3052 eutem
255 3000 284 3052 in
292 2998 385 3052 celum
394 3010 528 3067 receptusr
538 2997 666 3052 Cerdaad

161 3072 252 3146 Virgil.
260 3077 331 3132 Vlll
344 3117 351 3144 ,
367 3079 424 3130 203.
435 3106 469 3117 —
479 3080 550 3140 Aur,
571 3079 665 3132 ceteri.

163 3157 279 3210 tumme
289 3157 437 3223 Lactantio,
447 3160 474 3212 in
485 3161 664 3229 Argumento,

162 3245 239 3304 pater
247 3237 408 3303 promiserat,
416 3258 443 3292 se
452 3238 532 3291 liliam
541 3236 666 3292 daturum

162 3313 203 3378 ei,
217 3313 264 3382 qui
276 3312 343 3366 lucta
358 3316 458 3369 vicisset
473 3336 480 3368 :
499 3317 560 3370 hinc
580 3318 666 3371 caeteri

160 3391 244 3460 prod,
254 3401 330 3444 metu
338 3393 454 3460 perculsi,
462 3403 588 3448 cesserunt
593 3397 667 3449 Her-

159 3470 208 3524 mli
221 3480 249 3524 et
264 3468 389 3523 Acheloo.

191 3551 229 3615 ιζ.
243 3550 295 3601 Ille
302 3550 391 3600 Jorem
402 3569 511 3602 socerum
523 3561 572 3604 etc.
583 3549 670 3602 Nobi-

157 3623 209 3679 lem
217 3647 246 3680 se
257 3647 370 3697 genere,
390 3629 490 3682 clarum
502 3630 580 3682 rebus
591 3628 669 3699 gestis

158 3702 237 3771 jacta
249 3743 257 3769 ,
287 3716 318 3758 ut
338 3708 449 3760 Perseus
469 3706 669 3760 Andromedam

93 3800 96 3805 ·
159 3781 295 3849 ambiens,
305 3782 356 3850 lV,
367 3785 529 3854 357e-Dot,
543 3794 669 3852 tanquam

158 3878 276 3925 munus,
287 3879 334 3926 ea,
348 3863 503 3930 inquorum
518 3862 670 3915 societatem

158 3950 271 3991 ventura
284 3949 341 3991 erat
351 3942 448 4008 conjux
461 3943 557 3994 sutura.
568 3967 601 3978 -
611 3938 671 3990 tut-

712 1133 781 1202 gitur
791 1173 798 1199 ,
808 1153 975 1202 summamque
982 1137 1109 1188 laborum:
1118 1140 1218 1192 etenim

709 1231 806 1264 summa
817 1217 931 1265 laborum
946 1214 987 1266 vel
999 1215 1133 1270 universos
1143 1218 1217 1272 labo-

711 1309 753 1343 res
768 1290 915 1360 significat,
939 1291 979 1344 vel
994 1293 1138 1347 maximum
1149 1295 1218 1350 labo-

710 1387 777 1420 rem.
787 1367 840 1421 Sed
850 1366 976 1435 Deianira
988 1371 1105 1437 prosecto
1113 1382 1139 1424 et
1148 1371 1219 1426 hunc

711 1459 738 1500 et
748 1449 805 1500 illos
816 1459 965 1500 recusasset
975 1477 1008 1488 —
1020 1451 1148 1511 Nonne.
1168 1452 1220 1504 Ju-

711 1527 806 1592 nonis,
820 1545 870 1595 qua
882 1527 1047 1596 postulante,
1058 1527 1220 1600 Eurystheus

713 1606 857 1658 Herculem
865 1605 896 1657 ad
905 1605 1007 1659 labores
1017 1605 1079 1659 istos
1086 1606 1217 1676 adegerat:

712 1684 829 1750 Seneca,
845 1685 924 1738 Herc.
938 1685 1000 1738 Fur,
1012 1686 1062 1750 34,
1075 1688 1104 1752 4ι
1113 1725 1118 1738 .
1127 1689 1217 1739 Nereo

711 1767 780 1815 cales
792 1765 906 1815 stimulos
917 1772 992 1815 vocat
1003 1760 1174 1830 Claudianus,
1186 1764 1219 1817 R.

710 1841 741 1893 P.
752 1840 795 1905 ll,
809 1841 880 1908 prees.
891 1860 931 1911 ²9·
943 1869 977 1880 -
988 1841 1123 1907 Superare,
1140 1860 1218 1895 exse-

711 1918 763 1987 qui
776 1916 892 1985 Eajussa
902 1918 1031 1972 Hercules
1041 1919 1095 1987 ipse
1107 1938 1173 1973 vers.
1184 1919 1217 1992 69

711 2012 781 2062 sqq„
796 1995 841 2046 182
854 2013 909 2063 sqq.
922 2004 1048 2048 recenset.

747 2070 784 2122 ιθ.
803 2072 1218 2141 TurpeDeametc.Attemperata

712 2155 751 2199 est
774 2144 829 2199 haec
852 2146 960 2200 Acheloi
979 2148 1062 2199 oratio
1084 2148 1218 2218 cupiditati

712 2222 798 2290 proci,
808 2222 922 2291 puellam
934 2224 1072 2277 ambientis
1081 2247 1088 2288 3
1097 2245 1156 2279 suas
1167 2227 1218 2277 rir-

713 2309 781 2353 tutes
789 2299 966 2360 commendat,
976 2302 1061 2352 rivalis
1068 2314 1155 2356 autem
1164 2305 1219 2358 lau-

713 2375 758 2430 des
769 2375 895 2429 invidiose
906 2377 1219 2448 minuit-IteruQuum

713 2466 790 2509 antea
800 2446 859 2508 dria·
868 2454 950 2524 (quod
961 2455 1059 2508 liabent
1071 2459 1152 2509 nostri
1166 2458 1221 2510 Re·

712 2533 759 2601 gii)
776 2533 950 2601 vulgaretur,
974 2532 1100 2585 Heinsius
1118 2553 1148 2585 ex
1165 2552 1220 2586 uno

714 2609 826 2664 Strortse
832 2609 1221 2680 daer'recepit.Quanquamne

712 2687 869 2756 sicquidem
886 2688 963 2740 verba
978 2688 1039 2741 satis
1051 2689 1118 2740 bene
1131 2688 1221 2756 juncta

713 2775 879 2832 procurrunt.
901 2766 992 2834 ltaque
1005 2764 1075 2817 idem
1086 2765 1165 2818 suasit
1176 2776 1222 2818 aut

713 2846 822 2906 ducens,
843 2854 888 2896 aut
905 2845 960 2897 sic:
976 2848 1068 2898 bostro
1079 2863 1137 2911 ego,
1151 2853 1222 2912 turpe

712 2930 782 2975 ratus
790 2928 894 2976 mortali
898 2927 994 2983 cedere.
1003 2927 1066 2978 dist.
1074 2925 1153 2978 Forte
1163 2945 1221 2981 me-

714 2999 763 3053 lius
775 3001 825 3053 erit
840 3020 871 3053 ex
891 3000 994 3053 Heinsii
1014 3003 1198 3057 emendatione
1213 3045 1219 3069 ,

714 3079 814 3130 decess.
828 3077 882 3131 Sed
893 3083 918 3131 et
927 3079 1009 3129 Deum
1018 3078 1100 3130 nolim
1110 3081 1221 3146 tentari,

715 3153 776 3221 quia
789 3153 816 3204 in
829 3153 938 3222 opposit.
955 3155 1037 3205 Deum
1049 3159 1152 3207 mortali
1167 3174 1221 3207 ma-

715 3250 766 3301 gna
777 3231 822 3284 ris.
833 3259 866 3271 -
879 3234 995 3284 Nondum
1009 3241 1064 3285 erat
1077 3237 1121 3285 r'lte
1130 3237 1222 3298 Deus,

716 3313 839 3366 &aarum
850 3312 906 3380 ejus
917 3311 994 3365 habes
1007 3313 1091 3378 inira,
1105 3316 1160 3376 ato.
1172 3314 1222 3365 Ed.

714 3391 846 3456 -ltegem
854 3388 927 3442 dedit
939 3390 1063 3445 Heinsius
1071 3409 1132 3443 cum
1146 3392 1222 3443 Nea-

715 3467 832 3537 politano
843 3468 945 3537 primo,
957 3469 1078 3522 ltlediceo
1089 3466 1223 3529 secundo,

718 3546 815 3600 Norico
830 3558 857 3599 et
869 3548 971 3601 duobus
988 3550 1060 3607 aliis:
1080 3546 1158 3613 vulgo
1170 3548 1222 3596 do·

716 3628 808 3676 metram
825 3625 909 3693 (quod
923 3625 999 3677 habet
1020 3623 1117 3689 Regius
1135 3628 1224 3670 noster

719 3702 776 3768 A);
792 3704 867 3756 multi
881 3715 982 3756 veteres
995 3703 1078 3771 (inter
1087 3716 1152 3765 quos
1165 3697 1225 3749 Re-

718 3782 774 3851 gius
785 3782 827 3846 B)
843 3800 939 3834 nomeu.
951 3778 1089 3846 Quoniam
1101 3774 1224 3827 diviuita-

718 3870 772 3913 tem
784 3877 858 3912 suam
873 3860 951 3925 jactat
963 3867 989 3907 et
1003 3873 1078 3922 reguo
1087 3853 1223 3921 sequitur,

719 3937 798 4006 possis
815 3954 870 3988 uon
883 3934 950 3985 male
964 3932 1049 4000 legere
1060 3949 1148 3983 uomere
1165 3951 1173 3983 .·
1188 3933 1224 3986 ita

159 4015 209 4068 rari
218 4016 293 4084 licet,
301 4017 427 4087 placuisse
437 4019 585 4070 Heinsioet
595 4017 672 4068 Bur-
721 4014 747 4067 ll
763 4016 853 4065 Amor.
862 4027 919 4073 xrv,
932 4009 977 4074 13,
990 4018 1016 4061 et
1027 4009 1093 4062 Fast.
1104 4010 1153 4075 lV,
1165 4012 1222 4076 531,

160 4111 274 4162 manno,
289 4094 363 4165 quod
370 4096 400 4148 in
410 4095 551 4177 Graeciano
561 4093 621 4148 MS.
634 4093 672 4146 le·
719 4108 808 4146 osmer
820 4107 948 4154 aquarum.
960 4114 992 4127 -·
1003 4089 1134 4143 Meceruts
1146 4107 1224 4155 regem
