2708 5094
143 684 213 778 496
423 683 463 749 P.
490 681 671 750 ovtu-tl
700 680 925 751 NASONIS

142 826 226 899 Post
243 852 279 898 ea
297 821 471 897 discedunt
487 820 611 923 pariter
624 848 826 923 somnusque
843 823 1032 925 Deusque:
1176 850 1205 902 ιι

142 939 256 1032 Surgit
272 936 502 1024 Alemonides,
522 934 684 1035 tacitaque
698 935 839 1011 recentia
856 955 969 1024 mente

142 1051 221 1125 Visa
239 1049 355 1137 refert,
376 1067 567 1151 pugnatque
582 1049 641 1123 diu
659 1050 821 1124 sententia
836 1080 959 1126 seeum.

141 1171 272 1244 Numen
289 1169 381 1242 abire
396 1169 509 1267 jubet;
527 1166 706 1268 prohibent
723 1166 892 1244 discedere
908 1169 1022 1266 leges;

140 1288 307 1385 Poeuaque
324 1313 414 1359 mors
431 1285 540 1384 posita
556 1302 606 1358 est
623 1284 762 1385 patriam
779 1303 906 1361 mutare
920 1288 1065 1362 volenti.

143 1401 311 1476 Candidus
328 1401 463 1474 Oceano
479 1400 621 1474 nitidum
639 1417 739 1501 eaput
754 1401 929 1477 abdiderat
946 1403 1028 1493 sot,

142 1516 189 1588 Et
205 1531 302 1615 caput
319 1511 479 1587 extulerat
493 1512 688 1587 densissima
704 1514 867 1590 'sidereum
882 1545 977 1590 uox:

141 1630 243 1705 Visus
261 1629 373 1704 adesse
391 1628 475 1701 idem
493 1630 584 1704 Deus
601 1647 670 1717 est,
688 1630 868 1731 eademque
883 1660 1043 1722 monem

142 1751 205 1835 Et,
223 1747 288 1822 nisi
305 1747 471 1848 paruerit,
488 1745 584 1848 plura
599 1764 632 1819 et
648 1745 798 1842 graviora
814 1748 946 1821 minari.

143 1863 338 1950 Pertimuit,
356 1862 567 1963 patriumque
584 1861 682 1936 simul
702 1860 874 1936 transferre
888 1855 1034 1962 parabat

142 1984 184 2055 ln
195 1980 294 2055 sedes
311 1979 478 2082 penetrale
494 2009 616 2068 novas;
635 1979 675 2053 fit
689 2008 837 2053 murmur
853 1980 888 2052 in
906 1980 1013 2068 urbe,
1178 2005 1208 2059 st

144 2098 402 2201 spretarumque
420 2098 529 2193 agitur
545 2097 655 2194 legum
673 2126 749 2173 rens
764 2128 772 2170 z
789 2115 893 2199 utque
909 2116 1047 2199 peracta
1063 2116 1114 2174 est

144 2212 251 2286 Causa
268 2212 381 2313 prior,
401 2210 587 2312 crimenque
603 2229 696 2312 patet
712 2210 783 2285 sine
801 2228 882 2286 teste
898 2211 1104 2312 probatum,

144 2328 322 2431 Squalidus
339 2329 379 2403 ad
399 2330 545 2430 Superos
561 2327 680 2404 tollens
696 2358 772 2402 reus
790 2356 846 2402 ora
862 2357 1072 2432 manusque3

141 2506 223 2550 catur.
234 2524 267 2537 -·
278 2496 385 2551 Fluvius
397 2507 436 2551 est
449 2495 592 2561 Calabria,
606 2495 652 2564 qui
699 2503 798 2548 tamnus
808 2499 877 2547 anis
889 2499 1109 2551 extulit-Plura
1117 2508 1205 2565 em

141 2574 257 2628 mediam
266 2574 414 2629 Crotonam
425 2573 587 2644 preterfluit
601 2576 651 2627 Ed.
699 2580 775 2629 aiom.
792 2574 895 2628 Confer
905 2594 969 2629 cum
986 2575 1040 2631 boc
1051 2575 1203 2642 somnioid,

176 2652 215 2706 26.
228 2654 410 2716 Alemoniden
425 2652 572 2725 Myscelus,
588 2651 652 2704 Ate·
699 2652 769 2722 quod
778 2652 811 2705 de
820 2652 912 2707 Atinio
920 2652 978 2705 tir.
990 2654 1036 2720 ll,
1048 2655 1096 2720 36,
1107 2655 1188 2708 rel'ert.

143 2728 231 2783 monis
241 2729 317 2783 tilius.
326 2732 375 2782 Ed.
389 2757 422 2771 -
433 2732 562 2783 Recenu'a.
574 2728 651 2782 Oto·
731 2733 770 2796 34.
790 2733 902 2784 Petrinus
915 2736 1070 2797 pesenae,
1089 2742 1201 2802 peut«,

143 2808 255 2874 niensis,
268 2808 368 2877 primus
383 2805 459 2861 Basil.
471 2807 572 2874 primus
588 2804 652 2856 Mo-
699 2806 771 2861 Deos
790 2807 914 2877 patrios,
939 2827 1058 2876 quorum
1076 2809 1201 2863 simnlxn

142 2886 194 2939 reti
206 2886 284 2939 etalii
296 2889 473 2939 recondita·-
484 2889 548 2938 Visa
558 2884 652 2951 refert,
698 2886 800 2940 stabant
811 2885 839 2938 in
852 2885 993 2955 penetrali.
1014 2886 1089 2941 Hinc
1103 2888 1202 2954 Dir’pe·

142 2961 288 3016 seeundum
300 2962 417 3029 quietem
433 2960 485 3013 viss
496 2978 585 3013 secum
598 2974 650 3010 vo*
698 2968 808 3017 netrales
816 2962 885 3033 apud
893 2962 950 3018 Cic.
960 2964 1025 3018 Nat.
1032 2965 1114 3019 Deoe.
1120 2965 1159 3030 11,
1167 2985 1201 3031 η.

142 3040 650 3109 lutatverbumresemsinalibiquoque
700 3041 756 3110 Qui
764 3041 835 3095 enim
844 3040 871 3094 in
880 3041 1200 3114 novassedesmigrsbsnt,

142 3130 250 3189 usurpat
258 3119 370 3186 Noster,
382 3137 430 3188 pro
439 3118 581 3188 reoogitars
589 3158 596 3185 ,
604 3137 652 3172 co·
699 3121 812 3174 Penates
823 3137 912 3173 secum
923 3119 1070 3175 transferre
1080 3118 1199 3183 solebant,

143 3198 268 3266 gitatione
278 3207 304 3250 et
314 3197 404 3250 animo
414 3208 549 3266 repetere,
561 3216 651 3250 secum
699 3210 729 3252 ut
740 3210 767 3253 et
780 3198 815 3251 ibi
830 3197 942 3267 patriam
955 3197 1110 3268 religionem
1125 3196 1200 3250 insti-

142 3273 266 3326 recolere.
279 3276 490 3328 Eri-Sententiis
495 3285 595 3342 mna!
604 3292 651 3327 se·
664 3286 668 3293 “
699 3287 818 3340 tuereut3
832 3276 904 3344 virg.
918 3276 952 3330 de
963 3277 1071 3343 AEnea,
1081 3281 1136 3330 du
1147 3295 1201 3330 css·

142 3368 198 3403 cum
214 3368 278 3417 pro,
302 3351 432 3421 Myscelos
449 3351 585 3406 sententiis
598 3351 651 3403 suis
698 3359 767 3410 dere!
776 3359 859 3409 arbem
867 3354 1187 3424 InscmtqueDmlatis.

143 3438 245 3497 pugnat
256 3446 367 3494 secum,
386 3430 468 3482 varius
488 3429 566 3482 babet
583 3448 650 3481 sen·
730 3434 770 3486 36.
784 3435 877 3501 Apin!
890 3452 962 3497 ress,
984 3446 1129 3490 accusatur.
1139 3435 1200 3488 tt'su

142 3507 244 3562 tentias.
253 3506 353 3559 Amant
361 3520 461 3561 veteres
468 3509 518 3561 hoc
526 3509 651 3576 loquendi
699 3511 792 3581 injure
801 3512 925 3565 Romano
936 3532 1016 3580 agere
1024 3517 1080 3582 lep
1090 3513 1201 3568 diceban·

140 3605 225 3660 genus
236 3587 329 3655 :plane
337 3586 373 3643 sic
381 3587 522 3654 Horatius,
531 3587 543 3640 l
553 3626 560 3653 ,
570 3587 651 3656 Epist.
699 3601 758 3657 tur,
773 3590 817 3660 qui
825 3610 856 3643 ex
868 3590 924 3659 legs
933 3589 974 3644 rel
984 3592 1155 3657 amabant,
1166 3589 1201 3644 rel

139 3668 173 3732 s,
184 3684 233 3737 97,
251 3666 311 3718 Iba
325 3683 400 3733 quum
413 3675 513 3733 pum!
527 3670 652 3718 sententia
699 3671 1093 3740 petebant.—Cassapriorquae
1100 3672 1145 3736 sit,
1153 3688 1202 3724 nou

136 3762 245 3811 seem
262 3744 333 3798 infra
343 3765 408 3798 vers
421 3745 485 3812 648,
501 3747 653 3798 Desideret
698 3749 861 3818 liquet.Tan.
868 3749 955 3803 faber
964 3751 1035 3804 male
1043 3751 1202 3815 emendabat,

139 3830 230 3880 osum
237 3824 545 3887 semoniae-Discedere,
554 3840 651 3893 nempe
700 3827 854 3896 Consulatu
866 3829 961 3883 melius
968 3831 1117 3898 Heinsius,
1128 3832 1203 3885 Cass

137 3923 205 3957 ‚cum
217 3902 325 3958 colonia
698 3910 754 3960 ur‘er'.
766 3907 830 3960 Sine
840 3906 920 3960 dubio
928 3910 1202 3980 causaprs'orestprior

176 3984 217 4037 30.
231 3982 361 4035 Candidus
372 3998 462 4050 spuro
473 3979 568 4033 nitore.
582 3981 652 4032 Can-
698 4002 757 4054 psrs
768 4004 864 4050 causas,
876 3987 995 4056 cognitio
1004 3988 1108 4059 judicis.
1116 3990 1201 4044 Postes

140 4063 206 4113 dida
218 4061 321 4114 Arm
332 4057 468 4124 Tibullus,
486 4058 515 4123 l,
531 4073 583 4124 ιιι,
599 4061 649 4129 943
698 4062 1000 4118 sententiaeterebantur
1008 4106 1015 4133 ,
1024 4085 1085 4135 qu:
1093 4078 1202 4121 entran-

145 4138 333 4206 Luciseralbus
344 4137 414 4191 inira
426 4157 463 4192 vs.
478 4137 652 4209 idq-Prsa-
698 4159 725 4194 sn
734 4141 1024 4212 posteriore-Spectat
1032 4145 1200 4199 etsordesut-

144 4217 213 4272 clare
235 4218 305 4271 nocti
324 4219 548 4283 caputsr'aieoeum,
572 4215 651 4269 sleffit
697 4223 818 4276 buuntur
833 4223 902 4290 reis,
923 4225 1094 4296 lugentibus,
1113 4226 1202 4298 suppli·
1256 4278 1262 4283 .

145 4293 314 4362 distinctum,
327 4297 459 4364 tribuitur,
470 4296 549 4365 idque
556 4295 645 4365 essert,
697 4300 1019 4367 cantibus-Protollens,
1029 4306 1103 4375 quod
1112 4306 1201 4376 primus

146 4375 345 4445 quomingruin
358 4376 499 4442 Horatius,
513 4374 649 4445 Epodll,
699 4373 772 4429 dedit
790 4375 917 4432 Giolanus
932 4418 940 4446 ,
960 4379 1101 4452 legebatur
1113 4384 1201 4452 vulgo,

148 4469 194 4520 17,
203 4454 651 4523 decom-nuatupoaucaputdu·
699 4463 728 4507 ut
739 4454 767 4508 in
779 4453 837 4510 eod.
848 4455 934 4526 Hegio
947 4457 989 4527 A,
1002 4465 1116 4518 tendens.
1127 4460 1173 4515 Ed.
